"pair","symbol","quote_currency","ask_1_price","ask_1_quantity","ask_2_price","ask_2_quantity","ask_3_price","ask_3_quantity","ask_4_price","ask_4_quantity","ask_5_price","ask_5_quantity","bid_1_price","bid_1_quantity","bid_2_price","bid_2_quantity","bid_3_price","bid_3_quantity","bid_4_price","bid_4_quantity","bid_5_price","bid_5_quantity","date_time_utc","date","pkDummy","pkey"
"BTCUSD","BTC","USD","10923.35","0.75000","10923.36","0.06265","10923.37","0.11950","10923.38","0.18003","10923.39","0.08683","10923.18","0.06200","10922.09","0.30400","10920.18","0.31212","10920.17","0.10000","10920.15","0.10000","2020-09-21 00:00:07","2020-09-21","2020-09-21 00","2020-09-21 00BTC"
"LTCUSD","LTC","USD","47.0769","3.750","47.0773","60.000","47.0899","13.870","47.0900","7.645","47.0902","10.000","47.0682","9.526","47.0608","3.750","47.0524","15.337","47.0456","1.000","47.0455","8.335","2020-09-21 00:00:20","2020-09-21","2020-09-21 00","2020-09-21 00LTC"
"XMRUSD","XMR","USD","92.6357","0.750","92.6358","1.500","92.6677","7.678","92.6678","3.200","92.7999","1.000","92.5800","0.013","92.5401","0.750","92.5400","1.500","92.5027","9.334","92.5026","6.141","2020-09-21 00:00:44","2020-09-21","2020-09-21 00","2020-09-21 00XMR"
"ETHUSD","ETH","USD","370.471","30.0000","370.482","0.4000","370.504","5.8932","370.540","3.9701","370.541","30.0000","370.394","0.4000","370.303","7.5000","370.302","4.2363","370.298","2.7944","370.272","1.0800","2020-09-21 00:00:45","2020-09-21","2020-09-21 00","2020-09-21 00ETH"
"EOSUSD","EOS","USD","2.66777","19.76","2.66778","75.48","2.66788","600.00","2.66801","685.72","2.66802","200.00","2.66601","40.89","2.66563","120.31","2.66562","561.92","2.66539","70.00","2.66527","408.89","2020-09-21 00:01:53","2020-09-21","2020-09-21 00","2020-09-21 00EOS"
"XTZUSD","XTZ","USD","2.215710","49.3","2.215739","507.5","2.216887","1734.0","2.219649","380.0","2.220576","3328.4","2.212400","3000.0","2.208320","49.3","2.208159","507.6","2.200235","380.0","2.192771","380.0","2020-09-21 00:01:57","2020-09-21","2020-09-21 00","2020-09-21 00XTZ"
"BNBUSD","BNB","USD","26.01461","84.10","26.01462","4.87","26.04165","215.29","26.04927","100.00","26.05713","200.00","25.89512","84.04","25.89511","4.87","25.86546","215.26","25.84745","100.00","25.83252","210.00","2020-09-21 00:02:42","2020-09-21","2020-09-21 00","2020-09-21 00BNB"
"NEOUSD","NEO","USD","23.50331","92.85","23.50332","92.81","23.50333","4.64","23.50616","17.41","23.51251","46.44","23.44166","55.18","23.44165","29.50","23.43862","46.39","23.43861","4.64","23.43431","18.57","2020-09-21 00:03:33","2020-09-21","2020-09-21 00","2020-09-21 00NEO"
"TRXUSD","TRX","USD","0.0269432","600","0.0269433","55724","0.0269434","81036","0.0269435","81025","0.0269436","80998","0.0269054","1050","0.0269048","22720","0.0269047","8096","0.0269017","36920","0.0269016","40545","2020-09-21 00:04:05","2020-09-21","2020-09-21 00","2020-09-21 00TRX"
"BCHUSD","BCH","USD","225.687","28.0292","225.689","18.0000","225.727","9.6706","225.728","4.8368","225.732","1.9345","225.667","0.3600","225.602","18.0000","225.567","0.6200","225.560","13.2262","225.531","9.6695","2020-09-21 00:04:10","2020-09-21","2020-09-21 00","2020-09-21 00BCH"
"BSVUSD","BSV","USD","153.5360","0.600","153.5437","14.211","153.5438","6.000","153.5979","14.210","153.5980","4.718","153.4658","18.000","153.4624","0.600","153.4048","2.601","153.3904","6.968","153.3903","14.210","2020-09-21 00:04:13","2020-09-21","2020-09-21 00","2020-09-21 00BSV"
"CROUSD","CRO","USD","0.159670","808.0","0.159676","1217.6","0.159770","15154.4","0.159917","5342.8","0.159970","21559.8","0.159453","772.1","0.159394","1343.2","0.159393","4197.4","0.159349","2011.5","0.159323","682.9","2020-09-21 00:05:21","2020-09-21","2020-09-21 00","2020-09-21 00CRO"
"BTCUSD","BTC","USD","10964.86","0.01539","10964.87","0.20000","10964.88","0.10000","10965.39","0.06200","10965.42","0.19405","10964.23","0.10000","10964.22","0.06200","10962.51","0.70472","10962.50","0.01440","10962.48","0.30400","2020-09-21 01:00:07","2020-09-21","2020-09-21 01","2020-09-21 01BTC"
"LTCUSD","LTC","USD","47.2767","63.750","47.2838","4.639","47.2990","47.477","47.2991","28.664","47.3000","23.195","47.2687","3.750","47.2541","6.505","47.2540","1.090","47.2539","60.000","47.2395","17.834","2020-09-21 01:00:20","2020-09-21","2020-09-21 01","2020-09-21 01LTC"
"XMRUSD","XMR","USD","93.1000","45.010","93.1500","0.001","93.1553","0.750","93.1554","1.500","93.1958","3.200","93.0338","0.750","93.0337","1.500","93.0307","3.200","93.0265","23.574","93.0183","1.892","2020-09-21 01:00:45","2020-09-21","2020-09-21 01","2020-09-21 01XMR"
"ETHUSD","ETH","USD","376.257","5.3175","376.274","5.8349","376.275","0.0079","376.342","3.9878","376.343","0.4000","376.240","3.0000","376.239","30.0000","376.230","0.4000","376.226","7.5000","376.225","30.0000","2020-09-21 01:00:46","2020-09-21","2020-09-21 01","2020-09-21 01ETH"
"EOSUSD","EOS","USD","2.68000","600.00","2.68013","306.85","2.68014","200.00","2.68015","600.00","2.68028","818.55","2.67895","533.25","2.67894","40.91","2.67850","212.99","2.67849","68.47","2.67832","70.00","2020-09-21 01:01:54","2020-09-21","2020-09-21 01","2020-09-21 01EOS"
"XTZUSD","XTZ","USD","2.233069","555.2","2.233282","1729.0","2.236827","208.9","2.236828","3318.9","2.236925","380.0","2.227042","49.1","2.227041","506.2","2.223490","380.0","2.214751","380.0","2.207711","1729.4","2020-09-21 01:01:58","2020-09-21","2020-09-21 01","2020-09-21 01XTZ"
"BNBUSD","BNB","USD","26.35120","83.39","26.35121","4.83","26.39414","213.61","26.39924","100.00","26.40855","200.00","26.25072","11.51","26.25071","4.83","26.23119","213.51","26.20594","100.00","26.19399","463.67","2020-09-21 01:02:43","2020-09-21","2020-09-21 01","2020-09-21 01BNB"
"NEOUSD","NEO","USD","24.16398","4.54","24.17307","82.75","24.17310","45.43","24.17507","18.16","24.18256","90.76","24.11925","4.54","24.11910","16.10","24.11312","18.16","24.10700","45.41","24.10315","18.55","2020-09-21 01:03:32","2020-09-21","2020-09-21 01","2020-09-21 01NEO"
"TRXUSD","TRX","USD","0.0271389","1050","0.0271462","5077","0.0271463","80797","0.0271465","15441","0.0271639","80814","0.0271073","9631","0.0271072","44538","0.0271071","17756","0.0271070","80810","0.0271067","4039","2020-09-21 01:04:03","2020-09-21","2020-09-21 01","2020-09-21 01TRX"
"BCHUSD","BCH","USD","227.763","0.3600","227.870","7.0509","227.871","1.4750","227.875","1.2470","227.880","0.6200","227.747","0.3600","227.718","18.0000","227.602","10.0000","227.601","9.6306","227.600","0.6200","2020-09-21 01:04:07","2020-09-21","2020-09-21 01","2020-09-21 01BCH"
"BSVUSD","BSV","USD","154.6003","0.600","154.6043","6.000","154.6045","9.708","154.6046","4.894","154.6655","2.601","154.5118","0.600","154.4742","18.000","154.4291","2.601","154.4068","12.455","154.3996","9.078","2020-09-21 01:04:09","2020-09-21","2020-09-21 01","2020-09-21 01BSV"
"CROUSD","CRO","USD","0.160477","808.0","0.160570","24429.4","0.160673","5342.8","0.160784","683.8","0.160850","16672.7","0.160211","772.1","0.160192","15212.2","0.160108","7719.6","0.160027","683.9","0.160018","10409.0","2020-09-21 01:05:15","2020-09-21","2020-09-21 01","2020-09-21 01CRO"
"BTCUSD","BTC","USD","10953.41","0.06200","10953.63","0.01762","10954.65","0.69641","10954.66","0.10000","10954.68","0.10125","10953.14","0.06200","10952.09","0.75000","10952.08","0.05083","10952.06","0.01440","10951.25","0.10000","2020-09-21 02:00:07","2020-09-21","2020-09-21 02","2020-09-21 02BTC"
"LTCUSD","LTC","USD","47.0654","60.000","47.0669","3.750","47.0677","4.066","47.0690","46.532","47.0772","36.051","47.0576","3.750","47.0469","46.526","47.0468","60.000","47.0450","8.335","47.0353","1.090","2020-09-21 02:00:19","2020-09-21","2020-09-21 02","2020-09-21 02LTC"
"XMRUSD","XMR","USD","93.1342","20.000","93.1387","19.217","93.1424","1.500","93.1799","0.289","93.1800","3.200","93.0906","0.750","93.0829","1.500","93.0447","3.200","92.9965","16.119","92.9964","4.786","2020-09-21 02:00:44","2020-09-21","2020-09-21 02","2020-09-21 02XMR"
"ETHUSD","ETH","USD","374.247","0.4000","374.249","0.5123","374.251","1.3972","374.267","30.0000","374.318","1.3972","374.205","0.4000","374.190","2.7797","374.189","30.0000","374.153","7.5000","374.152","30.0000","2020-09-21 02:00:45","2020-09-21","2020-09-21 02","2020-09-21 02ETH"
"EOSUSD","EOS","USD","2.67884","40.90","2.67899","600.00","2.67912","200.00","2.67913","77.56","2.67915","556.97","2.67676","72.52","2.67656","600.00","2.67620","166.58","2.67619","71.04","2.67611","70.00","2020-09-21 02:01:54","2020-09-21","2020-09-21 02","2020-09-21 02EOS"
"XTZUSD","XTZ","USD","2.232225","554.7","2.234311","1727.1","2.234476","380.0","2.238563","380.0","2.238851","3314.5","2.232223","2863.1","2.229138","49.1","2.228058","505.6","2.214013","380.0","2.210804","380.0","2020-09-21 02:01:58","2020-09-21","2020-09-21 02","2020-09-21 02XTZ"
"BNBUSD","BNB","USD","26.51237","4.80","26.54265","212.11","26.55699","100.00","26.56788","200.00","26.57482","300.00","26.40144","83.24","26.40143","4.80","26.37589","212.05","26.35828","210.00","26.35434","100.00","2020-09-21 02:02:43","2020-09-21","2020-09-21 02","2020-09-21 02BNB"
"NEOUSD","NEO","USD","24.00193","8.05","24.00194","8.05","24.00195","24.00","24.01399","4.56","24.01780","18.27","23.96306","35.04","23.96305","7.65","23.96304","24.00","23.95996","54.25","23.95968","8.08","2020-09-21 02:03:33","2020-09-21","2020-09-21 02","2020-09-21 02NEO"
"TRXUSD","TRX","USD","0.0273524","5077","0.0273527","51767","0.0273528","12194","0.0273530","80151","0.0273531","1050","0.0273251","9296","0.0273130","1050","0.0273124","4006","0.0273095","54888","0.0273094","45371","2020-09-21 02:04:06","2020-09-21","2020-09-21 02","2020-09-21 02TRX"
"BCHUSD","BCH","USD","227.501","0.3600","227.528","0.6200","227.549","2.1623","227.550","18.0000","227.562","1.4668","227.476","0.3600","227.436","0.6200","227.425","13.1486","227.399","0.8800","227.293","10.0000","2020-09-21 02:04:10","2020-09-21","2020-09-21 02","2020-09-21 02BCH"
"BSVUSD","BSV","USD","154.9432","0.600","154.9499","2.601","154.9943","6.000","154.9944","2.148","155.0109","14.143","154.8820","18.000","154.8743","0.600","154.8485","12.379","154.8484","14.139","154.8435","2.601","2020-09-21 02:04:12","2020-09-21","2020-09-21 02","2020-09-21 02BSV"
"CROUSD","CRO","USD","0.160271","2025.6","0.160352","1808.3","0.160371","8832.0","0.160430","4514.1","0.160471","26902.6","0.159993","1401.8","0.159991","772.1","0.159980","683.5","0.159893","3354.7","0.159864","11813.6","2020-09-21 02:05:18","2020-09-21","2020-09-21 02","2020-09-21 02CRO"
"BTCUSD","BTC","USD","10944.98","0.10000","10944.99","0.06200","10945.83","0.75000","10945.84","0.30400","10945.94","0.10306","10944.64","0.06200","10943.64","0.30400","10942.37","0.00337","10942.36","0.10000","10942.35","0.65966","2020-09-21 03:00:07","2020-09-21","2020-09-21 03","2020-09-21 03BTC"
"LTCUSD","LTC","USD","47.1188","3.750","47.1189","46.444","47.1262","60.000","47.1304","8.335","47.1383","29.356","47.1112","3.750","47.1015","46.449","47.1014","1.090","47.1013","8.335","47.0907","3.633","2020-09-21 03:00:20","2020-09-21","2020-09-21 03","2020-09-21 03LTC"
"XMRUSD","XMR","USD","93.2742","1.500","93.2952","3.750","93.2953","3.200","93.3500","0.001","93.3539","19.147","93.2141","1.500","93.1920","16.088","93.1919","3.750","93.1782","3.200","93.1350","4.692","2020-09-21 03:00:45","2020-09-21","2020-09-21 03","2020-09-21 03XMR"
"ETHUSD","ETH","USD","373.725","1.0935","373.726","30.0000","373.727","5.8571","373.744","0.4000","373.749","5.8568","373.710","0.1850","373.709","0.3650","373.701","0.4000","373.675","7.5000","373.674","30.0000","2020-09-21 03:00:46","2020-09-21","2020-09-21 03","2020-09-21 03ETH"
"EOSUSD","EOS","USD","2.68011","600.00","2.68033","70.00","2.68038","44.24","2.68039","816.40","2.68040","200.00","2.67833","600.00","2.67820","744.14","2.67819","559.96","2.67817","76.22","2.67769","816.65","2020-09-21 03:01:54","2020-09-21","2020-09-21 03","2020-09-21 03EOS"
"XTZUSD","XTZ","USD","2.228416","49.1","2.229008","505.6","2.231552","380.0","2.236553","380.0","2.238195","1727.1","2.228414","2960.6","2.226675","48.7","2.224367","505.6","2.212377","380.0","2.206985","380.0","2020-09-21 03:01:59","2020-09-21","2020-09-21 03","2020-09-21 03XTZ"
"BNBUSD","BNB","USD","26.31375","83.25","26.31376","4.82","26.35022","212.96","26.35779","100.00","26.36708","200.00","26.22368","83.25","26.22367","4.82","26.19049","213.11","26.17303","100.00","26.17165","462.93","2020-09-21 03:02:43","2020-09-21","2020-09-21 03","2020-09-21 03BNB"
"NEOUSD","NEO","USD","23.81990","68.90","23.81991","84.00","23.81992","63.01","23.81993","88.91","23.81994","4.59","23.78684","8.32","23.78683","8.05","23.78682","8.05","23.78100","91.86","23.78099","24.00","2020-09-21 03:03:31","2020-09-21","2020-09-21 03","2020-09-21 03NEO"
"TRXUSD","TRX","USD","0.0272972","1050","0.0273084","80136","0.0273085","5077","0.0273086","56000","0.0273113","220000","0.0272758","5077","0.0272757","23285","0.0272756","41974","0.0272755","53081","0.0272636","4005","2020-09-21 03:04:01","2020-09-21","2020-09-21 03","2020-09-21 03TRX"
"BCHUSD","BCH","USD","227.364","0.0008","227.372","0.0011","227.395","0.3600","227.414","18.0000","227.426","1.6861","227.349","0.3600","227.340","13.1530","227.333","0.6200","227.256","10.0000","227.255","0.8800","2020-09-21 03:04:06","2020-09-21","2020-09-21 03","2020-09-21 03BCH"
"BSVUSD","BSV","USD","154.5938","6.000","154.5939","14.153","154.6011","0.600","154.6021","5.681","154.6022","4.300","154.5313","0.600","154.4981","2.601","154.4529","14.154","154.4528","14.153","154.4527","18.000","2020-09-21 03:04:08","2020-09-21","2020-09-21 03","2020-09-21 03BSV"
"CROUSD","CRO","USD","0.160171","8422.2","0.160185","4243.7","0.160271","17914.3","0.160284","13502.4","0.160472","16672.7","0.159898","7552.1","0.159830","772.1","0.159798","7660.1","0.159793","7719.6","0.159727","10409.0","2020-09-21 03:05:14","2020-09-21","2020-09-21 03","2020-09-21 03CRO"
"BTCUSD","BTC","USD","10963.88","0.06200","10964.40","0.00100","10964.49","0.75000","10964.50","0.04845","10964.54","0.26468","10963.71","0.06316","10962.84","0.10000","10962.83","0.30400","10961.92","0.75000","10961.91","0.15530","2020-09-21 04:00:07","2020-09-21","2020-09-21 04","2020-09-21 04BTC"
"LTCUSD","LTC","USD","47.1198","60.000","47.1249","3.750","47.1312","1.090","47.1313","8.335","47.1333","42.923","47.1168","3.750","47.1165","3.055","47.1082","9.398","47.1081","46.537","47.1036","43.698","2020-09-21 04:00:20","2020-09-21","2020-09-21 04","2020-09-21 04LTC"
"XMRUSD","XMR","USD","93.3500","0.001","93.3786","1.497","93.3788","1.500","93.4000","196.001","93.4104","3.200","93.3205","23.491","93.3191","1.500","93.3137","3.614","93.3136","1.500","93.2959","3.200","2020-09-21 04:00:45","2020-09-21","2020-09-21 04","2020-09-21 04XMR"
"ETHUSD","ETH","USD","375.020","3.1118","375.022","30.0000","375.041","0.0300","375.063","0.4000","375.064","6.6570","374.999","0.4000","374.997","5.4942","374.953","7.5000","374.952","1.0800","374.930","1.9406","2020-09-21 04:00:46","2020-09-21","2020-09-21 04","2020-09-21 04ETH"
"EOSUSD","EOS","USD","2.67829","600.00","2.67842","40.96","2.67847","322.00","2.67871","70.00","2.67892","448.00","2.67647","600.00","2.67634","200.00","2.67633","73.26","2.67599","322.00","2.67581","70.00","2020-09-21 04:01:55","2020-09-21","2020-09-21 04","2020-09-21 04EOS"
"XTZUSD","XTZ","USD","2.255200","12.8","2.256241","48.6","2.256242","501.1","2.257168","1711.8","2.259940","380.0","2.254100","2910.5","2.249648","48.6","2.249341","501.1","2.232132","380.0","2.230780","16553.5","2020-09-21 04:02:00","2020-09-21","2020-09-21 04","2020-09-21 04XTZ"
"BNBUSD","BNB","USD","26.50457","82.89","26.50458","4.80","26.53765","212.23","26.54406","100.00","26.55352","200.00","26.41730","82.89","26.41729","4.80","26.39180","212.23","26.37203","100.00","26.36711","210.00","2020-09-21 04:02:45","2020-09-21","2020-09-21 04","2020-09-21 04BNB"
"NEOUSD","NEO","USD","24.28702","37.98","24.28703","61.79","24.28704","82.38","24.28705","90.35","24.28706","24.00","24.23568","16.10","24.23567","24.00","24.23427","40.91","24.23426","53.74","24.22772","12.39","2020-09-21 04:03:34","2020-09-21","2020-09-21 04","2020-09-21 04NEO"
"TRXUSD","TRX","USD","0.0274582","5077","0.0274583","54645","0.0274584","79902","0.0274613","1050","0.0274662","79899","0.0274320","5077","0.0274319","9330","0.0274318","3168","0.0274317","25484","0.0274214","1050","2020-09-21 04:04:06","2020-09-21","2020-09-21 04","2020-09-21 04TRX"
"BCHUSD","BCH","USD","227.606","0.3600","227.617","9.6426","227.620","18.0000","227.631","1.4753","227.632","1.9280","227.593","0.3600","227.557","0.6200","227.537","18.0000","227.525","13.1443","227.512","0.8800","2020-09-21 04:04:10","2020-09-21","2020-09-21 04","2020-09-21 04BCH"
"BSVUSD","BSV","USD","154.3339","0.600","154.3471","2.601","154.3757","6.000","154.3758","14.213","154.3760","5.158","154.3033","0.600","154.2881","2.601","154.2871","18.000","154.2294","4.599","154.2132","1.655","2020-09-21 04:04:12","2020-09-21","2020-09-21 04","2020-09-21 04BSV"
"CROUSD","CRO","USD","0.160356","12665.9","0.160444","4514.1","0.160456","26902.6","0.160543","16672.7","0.160658","18801.6","0.160045","772.1","0.160007","683.7","0.159966","1401.8","0.159946","3454.3","0.159945","13869.9","2020-09-21 04:05:19","2020-09-21","2020-09-21 04","2020-09-21 04CRO"
"BTCUSD","BTC","USD","10959.28","0.15477","10959.31","0.10000","10959.37","0.16971","10959.67","0.00100","10960.07","0.75000","10959.01","0.06200","10957.53","0.12491","10956.08","0.00346","10956.07","0.20000","10956.06","0.10000","2020-09-21 05:00:07","2020-09-21","2020-09-21 05","2020-09-21 05BTC"
"LTCUSD","LTC","USD","47.1378","3.750","47.1390","1.090","47.1391","60.000","47.1499","40.694","47.1500","46.495","47.1303","44.226","47.1302","3.750","47.1207","7.035","47.1201","46.499","47.1200","8.335","2020-09-21 05:00:20","2020-09-21","2020-09-21 05","2020-09-21 05LTC"
"XMRUSD","XMR","USD","93.6000","0.001","93.6084","0.645","93.6348","1.500","93.6500","0.001","93.6641","0.114","93.5737","0.750","93.5736","1.500","93.5438","3.200","93.5031","23.429","93.5030","4.900","2020-09-21 05:00:46","2020-09-21","2020-09-21 05","2020-09-21 05XMR"
"ETHUSD","ETH","USD","374.018","0.4000","374.066","9.4406","374.067","1.9406","374.092","1.0800","374.161","3.0000","373.977","0.4000","373.972","1.4062","373.968","3.0000","373.957","0.3400","373.934","30.0000","2020-09-21 05:00:47","2020-09-21","2020-09-21 05","2020-09-21 05ETH"
"EOSUSD","EOS","USD","2.67318","600.00","2.67381","70.00","2.67409","322.00","2.67426","200.00","2.67428","448.00","2.67225","600.00","2.67212","819.87","2.67201","600.00","2.67160","40.98","2.67148","74.00","2020-09-21 05:01:56","2020-09-21","2020-09-21 05","2020-09-21 05EOS"
"XTZUSD","XTZ","USD","2.239446","1.8","2.240182","48.9","2.240294","504.3","2.240533","1723.1","2.244054","380.0","2.237300","3000.0","2.233459","48.9","2.232679","504.1","2.215118","380.0","2.213541","16667.6","2020-09-21 05:02:01","2020-09-21","2020-09-21 05","2020-09-21 05XTZ"
"BNBUSD","BNB","USD","26.44869","4.81","26.48784","212.41","26.49762","100.00","26.50515","200.00","26.52127","461.28","26.35500","83.00","26.35499","4.81","26.33377","212.39","26.30902","100.00","26.30060","200.00","2020-09-21 05:02:45","2020-09-21","2020-09-21 05","2020-09-21 05BNB"
"NEOUSD","NEO","USD","24.18211","4.53","24.18781","90.63","24.18782","62.05","24.18783","82.71","24.18784","24.00","24.14244","8.05","24.14243","8.05","24.14242","4.53","24.14203","24.00","24.14121","18.12","2020-09-21 05:03:34","2020-09-21","2020-09-21 05","2020-09-21 05NEO"
"TRXUSD","TRX","USD","0.0273587","5077","0.0273588","5077","0.0273602","220000","0.0273655","1050","0.0273725","80086","0.0273348","10154","0.0273347","115933","0.0273341","80098","0.0273340","47678","0.0273254","1050","2020-09-21 05:04:06","2020-09-21","2020-09-21 05","2020-09-21 05TRX"
"BCHUSD","BCH","USD","227.302","18.0000","227.303","0.3600","227.357","5.1711","227.358","0.6200","227.390","9.6402","227.292","0.3600","227.229","0.6200","227.196","18.0000","227.160","10.0000","227.159","9.0407","2020-09-21 05:04:10","2020-09-21","2020-09-21 05","2020-09-21 05BCH"
"BSVUSD","BSV","USD","154.2064","0.600","154.2087","2.601","154.2473","6.000","154.2474","14.207","154.2624","5.165","154.1530","18.000","154.1453","0.600","154.1423","40.000","154.1266","2.601","154.1135","18.000","2020-09-21 05:04:12","2020-09-21","2020-09-21 05","2020-09-21 05BSV"
"CROUSD","CRO","USD","0.160156","2025.6","0.160213","1808.3","0.160256","18688.9","0.160287","684.6","0.160348","8057.4","0.159884","684.6","0.159847","3517.1","0.159838","3454.3","0.159791","2011.5","0.159783","2795.6","2020-09-21 05:05:19","2020-09-21","2020-09-21 05","2020-09-21 05CRO"
"BTCUSD","BTC","USD","10961.79","0.00100","10962.46","2.00000","10962.96","0.06200","10963.00","0.00200","10963.05","0.00019","10961.73","0.75000","10961.72","0.10000","10961.70","0.06200","10961.66","0.30400","10961.52","0.00376","2020-09-21 06:00:07","2020-09-21","2020-09-21 06","2020-09-21 06BTC"
"LTCUSD","LTC","USD","47.4265","60.000","47.4288","22.782","47.4289","2.956","47.4290","60.000","47.4313","4.624","47.4214","3.750","47.4196","8.335","47.3969","9.380","47.3968","46.232","47.3967","46.917","2020-09-21 06:00:20","2020-09-21","2020-09-21 06","2020-09-21 06LTC"
"XMRUSD","XMR","USD","93.9000","100.847","93.9255","0.750","93.9294","1.500","93.9300","0.163","93.9500","0.001","93.8867","60.000","93.8866","4.662","93.8865","4.343","93.8748","40.751","93.8693","1.500","2020-09-21 06:00:45","2020-09-21","2020-09-21 06","2020-09-21 06XMR"
"ETHUSD","ETH","USD","374.382","1.7968","374.383","1.9406","374.384","30.0000","374.401","1.9406","374.402","0.4000","374.360","0.4000","374.342","4.9000","374.286","7.5000","374.285","3.0000","374.283","1.9406","2020-09-21 06:00:47","2020-09-21","2020-09-21 06","2020-09-21 06ETH"
"EOSUSD","EOS","USD","2.67693","600.00","2.67706","325.35","2.67707","91.45","2.67782","40.98","2.67785","163.92","2.67510","49.06","2.67500","600.00","2.67490","70.00","2.67487","200.00","2.67477","75.48","2020-09-21 06:01:56","2020-09-21","2020-09-21 06","2020-09-21 06EOS"
"XTZUSD","XTZ","USD","2.241268","49.0","2.241269","504.5","2.241856","1723.5","2.244852","380.0","2.245220","3308.3","2.241050","2650.0","2.233285","49.0","2.232744","504.9","2.227165","380.0","2.219709","380.0","2020-09-21 06:02:01","2020-09-21","2020-09-21 06","2020-09-21 06XTZ"
"BNBUSD","BNB","USD","26.35760","83.38","26.35761","4.83","26.38793","213.46","26.40180","100.00","26.40797","200.00","26.26169","83.34","26.26168","4.83","26.24317","213.45","26.21357","100.00","26.20940","463.55","2020-09-21 06:02:47","2020-09-21","2020-09-21 06","2020-09-21 06BNB"
"NEOUSD","NEO","USD","24.29964","90.39","24.29965","61.78","24.29967","82.33","24.29968","90.38","24.29969","4.51","24.26067","8.05","24.26066","8.05","24.25690","24.00","24.24920","4.51","24.24894","18.07","2020-09-21 06:03:37","2020-09-21","2020-09-21 06","2020-09-21 06NEO"
"TRXUSD","TRX","USD","0.0272771","10154","0.0272805","1050","0.0272806","80475","0.0272829","19826","0.0272830","54993","0.0272415","47876","0.0272414","17103","0.0272399","1050","0.0272362","115933","0.0272297","61000","2020-09-21 06:04:12","2020-09-21","2020-09-21 06","2020-09-21 06TRX"
"BCHUSD","BCH","USD","227.685","0.3600","227.739","0.6200","227.785","18.0000","227.815","0.0008","227.854","5.9026","227.667","18.0000","227.666","0.3600","227.627","2.0402","227.591","10.0000","227.590","0.6200","2020-09-21 06:04:16","2020-09-21","2020-09-21 06","2020-09-21 06BCH"
"BSVUSD","BSV","USD","153.9088","0.600","153.9129","6.000","153.9459","2.601","153.9939","14.253","153.9940","9.745","153.7874","0.600","153.7865","18.000","153.7569","2.601","153.7211","5.000","153.6824","9.800","2020-09-21 06:04:18","2020-09-21","2020-09-21 06","2020-09-21 06BSV"
"CROUSD","CRO","USD","0.160356","3833.9","0.160407","2257.6","0.160456","11088.5","0.160462","5342.8","0.160556","8057.4","0.160146","683.7","0.160073","772.1","0.160070","11815.6","0.160050","11006.4","0.159956","4205.8","2020-09-21 06:05:25","2020-09-21","2020-09-21 06","2020-09-21 06CRO"
"BTCUSD","BTC","USD","10949.51","0.06200","10949.61","0.12295","10949.83","0.30400","10950.00","0.00015","10950.75","0.00019","10949.50","2.00000","10949.03","0.06200","10948.26","0.75000","10948.25","0.21383","10948.23","0.06888","2020-09-21 07:00:06","2020-09-21","2020-09-21 07","2020-09-21 07BTC"
"LTCUSD","LTC","USD","47.2785","3.750","47.2844","46.325","47.2845","4.633","47.2857","8.335","47.2874","31.733","47.2680","3.750","47.2637","8.335","47.2633","60.000","47.2540","3.000","47.2531","1.090","2020-09-21 07:00:20","2020-09-21","2020-09-21 07","2020-09-21 07LTC"
"XMRUSD","XMR","USD","93.9782","17.486","93.9783","23.312","93.9784","1.500","94.0120","0.750","94.0242","3.200","93.9172","0.750","93.9171","1.500","93.8835","10.887","93.8834","2.431","93.8701","3.200","2020-09-21 07:00:46","2020-09-21","2020-09-21 07","2020-09-21 07XMR"
"ETHUSD","ETH","USD","373.819","30.0000","373.838","5.8588","373.839","30.0000","373.883","0.4000","373.887","30.0000","373.781","0.4000","373.741","1.0800","373.725","7.5000","373.724","1.0125","373.690","3.0000","2020-09-21 07:00:47","2020-09-21","2020-09-21 07","2020-09-21 07ETH"
"EOSUSD","EOS","USD","2.67456","600.00","2.67469","0.15","2.67472","66.60","2.67493","30.00","2.67494","200.00","2.67273","600.00","2.67260","819.23","2.67259","600.00","2.67246","198.52","2.67245","600.00","2020-09-21 07:01:57","2020-09-21","2020-09-21 07","2020-09-21 07EOS"
"XTZUSD","XTZ","USD","2.232712","505.5","2.233011","49.1","2.233118","1727.0","2.236581","380.0","2.238858","3314.3","2.230550","3000.0","2.226893","49.1","2.226332","505.5","2.219845","380.0","2.212684","380.0","2020-09-21 07:02:02","2020-09-21","2020-09-21 07","2020-09-21 07XTZ"
"BNBUSD","BNB","USD","26.37250","4.82","26.40334","213.10","26.42893","100.00","26.43006","200.00","26.43215","462.78","26.27349","83.21","26.27348","4.82","26.22828","213.10","26.22367","100.00","26.21314","210.00","2020-09-21 07:02:47","2020-09-21","2020-09-21 07","2020-09-21 07BNB"
"NEOUSD","NEO","USD","24.15079","43.59","24.15080","90.76","24.15081","62.15","24.15082","82.63","24.15083","8.05","24.12327","3.54","24.12149","24.00","24.10918","8.05","24.10917","69.33","24.10313","4.53","2020-09-21 07:03:36","2020-09-21","2020-09-21 07","2020-09-21 07NEO"
"TRXUSD","TRX","USD","0.0272529","4021","0.0272627","2949","0.0272628","5077","0.0272629","16086","0.0272667","1050","0.0272253","70831","0.0272252","163793","0.0272245","1050","0.0272065","16085","0.0272064","2340","2020-09-21 07:04:08","2020-09-21","2020-09-21 07","2020-09-21 07TRX"
"BCHUSD","BCH","USD","226.692","0.3600","226.704","0.6200","226.731","9.6672","226.738","0.8800","226.770","1.1400","226.675","0.3600","226.674","18.0000","226.651","0.6200","226.625","18.0000","226.611","0.8800","2020-09-21 07:04:12","2020-09-21","2020-09-21 07","2020-09-21 07BCH"
"BSVUSD","BSV","USD","153.5899","0.600","153.5996","18.000","153.6091","2.601","153.6541","6.000","153.6542","4.333","153.5487","18.000","153.5463","0.600","153.5347","4.570","153.5346","14.257","153.5345","18.000","2020-09-21 07:04:14","2020-09-21","2020-09-21 07","2020-09-21 07BSV"
"CROUSD","CRO","USD","0.160156","12665.9","0.160217","4514.1","0.160256","5342.8","0.160294","8057.4","0.160356","13502.4","0.159920","683.1","0.159859","772.1","0.159854","1401.8","0.159852","6150.3","0.159841","4205.8","2020-09-21 07:05:21","2020-09-21","2020-09-21 07","2020-09-21 07CRO"
"BTCUSD","BTC","USD","10898.92","0.06200","10900.10","0.10000","10900.11","0.30400","10902.08","0.20000","10902.09","0.47049","10897.86","0.75000","10897.85","0.10000","10897.83","0.06732","10897.81","0.28984","10897.80","0.11645","2020-09-21 08:00:06","2020-09-21","2020-09-21 08","2020-09-21 08BTC"
"LTCUSD","LTC","USD","47.0409","3.750","47.0579","33.544","47.0580","46.351","47.0581","15.674","47.0583","8.335","47.0268","3.860","47.0266","60.000","47.0218","17.026","47.0217","60.000","47.0195","31.889","2020-09-21 08:00:20","2020-09-21","2020-09-21 08","2020-09-21 08LTC"
"XMRUSD","XMR","USD","93.8153","0.301","93.8466","16.899","93.8618","1.500","93.8841","0.900","93.8842","23.252","93.7841","4.761","93.7758","1.500","93.7406","3.200","93.7270","12.343","93.7269","4.650","2020-09-21 08:00:45","2020-09-21","2020-09-21 08","2020-09-21 08XMR"
"ETHUSD","ETH","USD","370.650","0.4000","370.831","7.5000","370.832","2.1870","370.833","5.3954","370.834","5.8870","370.574","1.9138","370.573","0.4000","370.551","3.0000","370.539","3.0969","370.522","3.0000","2020-09-21 08:00:47","2020-09-21","2020-09-21 08","2020-09-21 08ETH"
"EOSUSD","EOS","USD","2.67001","600.00","2.67007","30.00","2.67014","816.91","2.67016","600.00","2.67029","200.00","2.66851","600.00","2.66838","433.02","2.66837","600.00","2.66824","166.58","2.66823","600.00","2020-09-21 08:01:56","2020-09-21","2020-09-21 08","2020-09-21 08EOS"
"XTZUSD","XTZ","USD","2.201799","49.5","2.202076","510.4","2.202873","1743.6","2.205783","380.0","2.206865","3347.7","2.199950","3000.0","2.195418","49.5","2.195262","510.3","2.192326","380.0","2.191588","1743.6","2020-09-21 08:02:01","2020-09-21","2020-09-21 08","2020-09-21 08XTZ"
"BNBUSD","BNB","USD","25.79645","48.81","25.79646","4.90","25.82122","216.75","25.84686","100.00","25.86289","200.00","25.69797","84.61","25.69796","4.91","25.66956","216.75","25.66608","3.68","25.65294","210.00","2020-09-21 08:02:45","2020-09-21","2020-09-21 08","2020-09-21 08BNB"
"NEOUSD","NEO","USD","23.50353","85.11","23.50354","69.81","23.50355","15.81","23.50356","8.05","23.50642","24.00","23.46245","13.68","23.46244","24.00","23.45673","55.22","23.45154","4.64","23.44279","17.94","2020-09-21 08:03:35","2020-09-21","2020-09-21 08","2020-09-21 08NEO"
"TRXUSD","TRX","USD","0.0269141","600","0.0269142","55750","0.0269149","67335","0.0269150","79374","0.0269153","60978","0.0268875","5077","0.0268874","5077","0.0268873","8120","0.0268872","81037","0.0268871","81016","2020-09-21 08:04:07","2020-09-21","2020-09-21 08","2020-09-21 08TRX"
"BCHUSD","BCH","USD","225.375","18.0000","225.386","0.3600","225.420","0.6200","225.467","3.3199","225.468","3.4375","225.277","0.3600","225.244","10.0000","225.243","18.0000","225.230","0.6200","225.175","9.6797","2020-09-21 08:04:11","2020-09-21","2020-09-21 08","2020-09-21 08BCH"
"BSVUSD","BSV","USD","152.5709","0.600","152.5951","2.887","152.5952","18.000","152.6088","2.601","152.6275","0.600","152.5063","18.000","152.4979","0.600","152.4694","14.291","152.4693","2.601","152.4130","4.640","2020-09-21 08:04:14","2020-09-21","2020-09-21 08","2020-09-21 08BSV"
"CROUSD","CRO","USD","0.159103","3833.9","0.159196","2257.6","0.159203","11088.5","0.159288","5342.8","0.159303","21559.8","0.158987","683.8","0.158930","11818.9","0.158798","2173.9","0.158756","14817.5","0.158752","2011.5","2020-09-21 08:05:23","2020-09-21","2020-09-21 08","2020-09-21 08CRO"
"BTCUSD","BTC","USD","10849.24","0.30400","10849.38","0.10000","10849.39","0.10000","10849.40","0.01440","10850.62","0.37968","10847.20","0.26483","10847.18","0.25000","10847.13","0.00100","10847.08","0.05550","10847.05","0.06200","2020-09-21 09:00:06","2020-09-21","2020-09-21 09","2020-09-21 09BTC"
"LTCUSD","LTC","USD","46.7589","60.000","46.7621","3.750","46.7649","46.390","46.7734","1.090","46.7735","46.398","46.7548","3.750","46.7458","5.875","46.7445","60.000","46.7437","8.335","46.7348","11.316","2020-09-21 09:00:20","2020-09-21","2020-09-21 09","2020-09-21 09LTC"
"XMRUSD","XMR","USD","92.9654","0.750","92.9655","1.500","93.0003","4.672","93.0016","8.316","93.0102","3.200","92.9081","17.516","92.9080","23.348","92.9054","1.500","92.8593","20.750","92.8592","3.200","2020-09-21 09:00:45","2020-09-21","2020-09-21 09","2020-09-21 09XMR"
"ETHUSD","ETH","USD","367.576","1.2937","367.577","30.0000","367.599","0.4000","367.619","7.5000","367.620","30.0000","367.558","1.1802","367.557","0.4000","367.539","2.9496","367.527","0.2500","367.515","1.3972","2020-09-21 09:00:47","2020-09-21","2020-09-21 09","2020-09-21 09ETH"
"EOSUSD","EOS","USD","2.65500","600.00","2.65539","349.45","2.65540","349.41","2.65541","200.00","2.65542","600.00","2.65422","297.23","2.65388","343.12","2.65387","464.13","2.65376","75.48","2.65356","817.13","2020-09-21 09:01:55","2020-09-21","2020-09-21 09","2020-09-21 09EOS"
"XTZUSD","XTZ","USD","2.154273","50.4","2.154274","519.3","2.155066","1774.2","2.157718","380.0","2.159689","3404.8","2.150700","2892.9","2.143747","50.4","2.143108","519.3","2.139783","380.0","2.137922","1.0","2020-09-21 09:01:59","2020-09-21","2020-09-21 09","2020-09-21 09XTZ"
"BNBUSD","BNB","USD","25.39450","18.37","25.39451","4.96","25.43148","219.11","25.45111","100.00","25.46315","200.00","25.27498","0.44","25.27497","85.53","25.27496","4.96","25.24732","218.96","25.24087","100.00","2020-09-21 09:02:46","2020-09-21","2020-09-21 09","2020-09-21 09BNB"
"NEOUSD","NEO","USD","22.98224","65.30","22.98225","87.06","22.98226","70.81","22.98867","94.36","22.99389","4.72","22.93992","47.19","22.93991","16.10","22.93990","16.20","22.93989","16.29","22.93988","4.72","2020-09-21 09:03:35","2020-09-21","2020-09-21 09","2020-09-21 09NEO"
"TRXUSD","TRX","USD","0.0268178","3600","0.0268179","80888","0.0268180","55963","0.0268205","80906","0.0268206","80893","0.0267938","1050","0.0267912","600","0.0267911","2340","0.0267910","3630","0.0267875","58340","2020-09-21 09:04:06","2020-09-21","2020-09-21 09","2020-09-21 09TRX"
"BCHUSD","BCH","USD","224.371","0.3600","224.417","0.6200","224.496","10.0000","224.497","0.8800","224.511","7.7000","224.343","0.3600","224.294","0.6200","224.268","18.0000","224.182","2.7531","224.181","0.8800","2020-09-21 09:04:11","2020-09-21","2020-09-21 09","2020-09-21 09BCH"
"BSVUSD","BSV","USD","151.7661","0.600","151.7665","2.601","151.8626","2.887","151.8627","4.599","151.9470","5.000","151.7411","4.339","151.7035","0.600","151.7030","3.113","151.7029","3.571","151.6909","7.139","2020-09-21 09:04:13","2020-09-21","2020-09-21 09","2020-09-21 09BSV"
"CROUSD","CRO","USD","0.159115","30580.2","0.159238","13502.4","0.159315","16672.7","0.159359","682.5","0.159426","11795.5","0.158844","5528.6","0.158829","2795.6","0.158744","15379.7","0.158668","682.5","0.158664","10409.0","2020-09-21 09:05:19","2020-09-21","2020-09-21 09","2020-09-21 09CRO"
"BTCUSD","BTC","USD","11080.54","2.00000","11081.09","0.31539","11081.10","0.00580","11081.11","0.19998","11081.12","0.06017","11077.43","0.39405","11077.42","0.10000","11077.41","2.00000","11077.29","0.06200","11076.08","0.08720","2020-09-20 00:00:07","2020-09-20","2020-09-20 00","2020-09-20 00BTC"
"LTCUSD","LTC","USD","48.4581","3.750","48.4591","14.700","48.4693","45.706","48.4694","12.872","48.4695","8.335","48.4480","60.000","48.4453","3.750","48.4390","3.237","48.4389","45.700","48.4308","35.000","2020-09-20 00:00:21","2020-09-20","2020-09-20 00","2020-09-20 00LTC"
"XMRUSD","XMR","USD","94.5118","23.442","94.5119","3.755","94.5526","0.750","94.5527","3.200","94.6000","0.020","94.4518","1.500","94.4495","17.581","94.4093","0.750","94.4092","15.573","94.4091","3.200","2020-09-20 00:00:46","2020-09-20","2020-09-20 00","2020-09-20 00XMR"
"ETHUSD","ETH","USD","384.988","1.0125","384.989","5.1958","384.990","30.4000","385.065","3.8967","385.066","5.7531","384.949","0.4000","384.933","0.0010","384.852","1.0935","384.851","2.1735","384.780","3.0000","2020-09-20 00:00:47","2020-09-20","2020-09-20 00","2020-09-20 00ETH"
"EOSUSD","EOS","USD","2.69522","600.00","2.69535","742.16","2.69536","616.03","2.69537","556.82","2.69551","424.20","2.69336","600.00","2.69323","224.70","2.69322","57.69","2.69321","821.45","2.69320","200.00","2020-09-20 00:01:55","2020-09-20","2020-09-20 00","2020-09-20 00EOS"
"XTZUSD","XTZ","USD","2.322250","11.4","2.322251","47.7","2.322376","37.9","2.322378","491.5","2.322922","1679.0","2.319550","2683.4","2.315345","539.1","2.314570","1678.6","2.312781","380.0","2.307379","380.0","2020-09-20 00:01:59","2020-09-20","2020-09-20 00","2020-09-20 00XTZ"
"BNBUSD","BNB","USD","27.18066","81.65","27.18067","4.73","27.20990","209.06","27.22850","100.00","27.23810","200.00","27.06838","52.43","27.06837","4.73","27.05040","209.06","27.02124","100.00","27.01446","200.00","2020-09-20 00:02:44","2020-09-20","2020-09-20 00","2020-09-20 00BNB"
"NEOUSD","NEO","USD","24.48766","90.42","24.48767","24.00","24.50136","16.21","24.50165","69.33","24.50679","4.52","24.43566","24.00","24.43034","44.95","24.42819","4.52","24.42325","53.50","24.42157","18.09","2020-09-20 00:03:32","2020-09-20","2020-09-20 00","2020-09-20 00NEO"
"TRXUSD","TRX","USD","0.0276029","1050","0.0276193","2340","0.0276237","78556","0.0276238","16585","0.0276239","80207","0.0275763","40094","0.0275726","72178","0.0275695","61000","0.0275694","80247","0.0275686","47712","2020-09-20 00:04:04","2020-09-20","2020-09-20 00","2020-09-20 00TRX"
"BCHUSD","BCH","USD","232.977","0.3600","232.999","2.8656","233.024","6.2323","233.033","0.6200","233.045","6.4395","232.948","0.3600","232.947","18.0000","232.895","0.0086","232.889","0.6200","232.885","12.8736","2020-09-20 00:04:08","2020-09-20","2020-09-20 00","2020-09-20 00BCH"
"BSVUSD","BSV","USD","161.8092","18.000","161.8121","0.600","161.8324","2.601","161.8343","18.000","161.8696","3.269","161.7579","18.000","161.7577","0.600","161.7381","2.601","161.7282","13.681","161.7065","18.000","2020-09-20 00:04:10","2020-09-20","2020-09-20 00","2020-09-20 00BSV"
"CROUSD","CRO","USD","0.167484","2025.6","0.167575","1808.3","0.167584","56921.4","0.167680","18801.6","0.167783","19459.7","0.167181","5528.6","0.167131","2795.6","0.167081","36269.2","0.167071","17546.3","0.166948","20576.5","2020-09-20 00:05:15","2020-09-20","2020-09-20 00","2020-09-20 00CRO"
"BTCUSD","BTC","USD","11051.54","2.20044","11052.31","0.16577","11052.32","0.14764","11052.33","0.12937","11052.34","0.03165","11051.53","0.00200","11051.27","0.00100","11051.26","0.00100","11050.98","0.06200","11050.28","0.00100","2020-09-20 01:00:07","2020-09-20","2020-09-20 01","2020-09-20 01BTC"
"LTCUSD","LTC","USD","48.3801","3.750","48.3825","60.000","48.3847","5.281","48.3923","8.335","48.3962","60.000","48.3728","3.750","48.3711","60.000","48.3648","35.000","48.3647","41.341","48.3608","8.335","2020-09-20 01:00:20","2020-09-20","2020-09-20 01","2020-09-20 01LTC"
"XMRUSD","XMR","USD","94.2446","0.750","94.2530","1.500","94.2945","3.200","94.3067","23.432","94.3068","2.529","94.2150","5.203","94.2149","17.571","94.1965","21.757","94.1929","1.500","94.1832","4.685","2020-09-20 01:00:45","2020-09-20","2020-09-20 01","2020-09-20 01XMR"
"ETHUSD","ETH","USD","383.159","3.0000","383.160","32.0882","383.169","0.4000","383.181","2.0882","383.212","3.9153","383.118","0.4000","383.039","1.9895","383.037","30.0000","383.003","5.2208","383.001","5.1302","2020-09-20 01:00:46","2020-09-20","2020-09-20 01","2020-09-20 01ETH"
"EOSUSD","EOS","USD","2.68489","200.00","2.68517","70.00","2.68583","40.94","2.68636","660.00","2.68697","345.33","2.68221","70.00","2.68143","50.00","2.68142","600.00","2.68137","171.10","2.68084","660.00","2020-09-20 01:01:53","2020-09-20","2020-09-20 01","2020-09-20 01EOS"
"XTZUSD","XTZ","USD","2.358253","46.7","2.358365","480.9","2.358613","1642.1","2.362115","380.0","2.365258","380.0","2.342074","46.8","2.342071","481.9","2.339257","1646.2","2.338309","380.0","2.336750","0.9","2020-09-20 01:01:57","2020-09-20","2020-09-20 01","2020-09-20 01XTZ"
"BNBUSD","BNB","USD","26.98131","4.73","27.00925","208.87","27.03399","453.59","27.04444","100.00","27.05517","200.00","26.88515","81.58","26.88514","4.73","26.84628","208.87","26.82313","100.00","26.82093","200.00","2020-09-20 01:02:41","2020-09-20","2020-09-20 01","2020-09-20 01BNB"
"NEOUSD","NEO","USD","24.32879","4.51","24.34185","8.05","24.34983","12.72","24.35401","45.18","24.35517","84.00","24.28554","8.05","24.28553","4.51","24.27880","44.86","24.27667","18.07","24.27613","45.17","2020-09-20 01:03:28","2020-09-20","2020-09-20 01","2020-09-20 01NEO"
"TRXUSD","TRX","USD","0.0271643","80933","0.0271649","31374","0.0271678","80930","0.0271714","40430","0.0271742","114600","0.0271417","5077","0.0271416","5077","0.0271415","1050","0.0271391","80901","0.0271390","10320","2020-09-20 01:04:00","2020-09-20","2020-09-20 01","2020-09-20 01TRX"
"BCHUSD","BCH","USD","231.943","0.3600","231.990","8.8977","232.005","18.0000","232.027","1.1300","232.030","18.0000","231.924","18.0000","231.920","0.3600","231.869","9.4728","231.867","18.0000","231.838","0.6200","2020-09-20 01:04:04","2020-09-20","2020-09-20 01","2020-09-20 01BCH"
"BSVUSD","BSV","USD","161.3017","0.600","161.3312","3.269","161.3313","13.627","161.3361","9.301","161.3362","18.000","161.2481","0.600","161.2381","18.000","161.2203","2.601","161.1258","2.902","161.1257","3.890","2020-09-20 01:04:06","2020-09-20","2020-09-20 01","2020-09-20 01BSV"
"CROUSD","CRO","USD","0.166683","3833.9","0.166757","2257.6","0.166783","2330.7","0.166793","4243.7","0.166879","5342.8","0.166406","3517.1","0.166352","2011.5","0.166306","18175.3","0.166266","10409.0","0.166106","10480.5","2020-09-20 01:05:11","2020-09-20","2020-09-20 01","2020-09-20 01CRO"
"BTCUSD","BTC","USD","10927.05","0.10000","10927.06","0.06200","10928.55","0.30400","10930.13","0.00100","10930.47","0.20000","10924.39","0.19408","10924.38","0.20000","10924.37","0.08984","10924.36","0.10000","10924.35","0.06200","2020-09-20 02:00:06","2020-09-20","2020-09-20 02","2020-09-20 02BTC"
"LTCUSD","LTC","USD","48.0921","60.000","48.1184","35.000","48.1185","13.728","48.1187","45.413","48.1238","22.705","48.0897","3.750","48.0722","46.510","48.0691","8.335","48.0629","41.599","48.0536","1.000","2020-09-20 02:00:19","2020-09-20","2020-09-20 02","2020-09-20 02LTC"
"XMRUSD","XMR","USD","93.2734","0.750","93.2735","1.500","93.2774","2.305","93.3386","20.000","93.3387","16.069","93.1961","0.750","93.1960","1.500","93.1275","1.780","93.1274","3.200","93.1096","21.775","2020-09-20 02:00:43","2020-09-20","2020-09-20 02","2020-09-20 02XMR"
"ETHUSD","ETH","USD","379.825","0.4000","379.963","5.2655","379.964","0.4950","379.975","1.0800","380.005","7.1817","379.780","1.2937","379.779","0.4000","379.664","3.0000","379.662","1.9406","379.661","1.9406","2020-09-20 02:00:45","2020-09-20","2020-09-20 02","2020-09-20 02ETH"
"EOSUSD","EOS","USD","2.67821","600.00","2.67834","815.83","2.67835","600.00","2.67848","108.40","2.67849","784.44","2.67656","600.00","2.67643","200.00","2.67630","70.00","2.67595","747.20","2.67594","815.83","2020-09-20 02:01:53","2020-09-20","2020-09-20 02","2020-09-20 02EOS"
"XTZUSD","XTZ","USD","2.357744","46.5","2.358613","479.1","2.359025","1636.8","2.362374","380.0","2.363790","3141.2","2.345004","46.5","2.344699","479.1","2.341639","1636.8","2.341237","380.0","2.337070","380.0","2020-09-20 02:01:57","2020-09-20","2020-09-20 02","2020-09-20 02XTZ"
"BNBUSD","BNB","USD","27.02006","16.31","27.02007","4.69","27.04224","207.44","27.07481","100.00","27.08176","200.00","26.91234","81.01","26.91233","4.70","26.89533","207.44","26.87130","100.00","26.86270","200.00","2020-09-20 02:02:42","2020-09-20","2020-09-20 02","2020-09-20 02BNB"
"NEOUSD","NEO","USD","24.17870","74.57","24.17871","62.07","24.17872","24.00","24.17976","45.25","24.18125","4.52","24.12238","8.05","24.12237","8.05","24.12236","44.94","24.12229","24.00","24.12160","53.50","2020-09-20 02:03:30","2020-09-20","2020-09-20 02","2020-09-20 02NEO"
"TRXUSD","TRX","USD","0.0271604","19886","0.0271605","80520","0.0271618","66387","0.0271682","4027","0.0271692","1050","0.0271365","40035","0.0271364","10154","0.0271363","43752","0.0271362","131205","0.0271361","80515","2020-09-20 02:04:01","2020-09-20","2020-09-20 02","2020-09-20 02TRX"
"BCHUSD","BCH","USD","231.559","9.4458","231.562","0.3600","231.601","0.6200","231.609","6.4796","231.635","9.4440","231.541","0.3600","231.504","0.6200","231.492","18.0000","231.435","10.0000","231.434","0.3413","2020-09-20 02:04:05","2020-09-20","2020-09-20 02","2020-09-20 02BCH"
"BSVUSD","BSV","USD","160.3697","18.000","160.3832","0.600","160.4172","7.736","160.4173","11.255","160.4174","6.000","160.3235","0.600","160.2857","6.776","160.2856","18.000","160.2798","13.636","160.2797","2.601","2020-09-20 02:04:08","2020-09-20","2020-09-20 02","2020-09-20 02BSV"
"CROUSD","CRO","USD","0.165583","2025.6","0.165600","1808.3","0.165683","18688.9","0.165759","8057.4","0.165775","13502.4","0.165307","34112.9","0.165256","10480.5","0.165207","17546.3","0.165167","20576.5","0.165040","27245.2","2020-09-20 02:05:12","2020-09-20","2020-09-20 02","2020-09-20 02CRO"
"BTCUSD","BTC","USD","10910.86","0.00283","10910.87","0.17290","10910.88","0.30935","10910.89","0.08513","10910.90","0.06200","10910.00","0.00001","10908.76","0.06200","10908.17","0.00100","10908.00","0.09021","10907.33","0.02655","2020-09-20 03:00:06","2020-09-20","2020-09-20 03","2020-09-20 03BTC"
"LTCUSD","LTC","USD","47.9514","60.000","47.9537","35.000","47.9538","60.000","47.9562","1.993","47.9563","60.000","47.9385","3.750","47.9263","1.090","47.9262","45.489","47.9261","8.775","47.9258","8.335","2020-09-20 03:00:20","2020-09-20","2020-09-20 03","2020-09-20 03LTC"
"XMRUSD","XMR","USD","93.0232","0.750","93.0233","23.467","93.0234","14.009","93.0235","6.286","93.0236","1.500","92.9635","1.500","92.9357","0.750","92.9053","3.200","92.9000","0.001","92.8891","0.645","2020-09-20 03:00:44","2020-09-20","2020-09-20 03","2020-09-20 03XMR"
"ETHUSD","ETH","USD","379.882","0.4000","379.886","1.7968","379.887","30.0000","379.956","0.5050","379.968","5.2654","379.841","0.4000","379.687","2.1870","379.686","1.7968","379.685","3.0000","379.666","1.0800","2020-09-20 03:00:45","2020-09-20","2020-09-20 03","2020-09-20 03ETH"
"EOSUSD","EOS","USD","2.67780","560.35","2.67829","40.78","2.67831","815.69","2.67832","746.99","2.67833","815.63","2.67564","17.04","2.67563","600.00","2.67550","668.90","2.67549","70.00","2.67531","600.00","2020-09-20 03:01:53","2020-09-20","2020-09-20 03","2020-09-20 03EOS"
"XTZUSD","XTZ","USD","2.327261","46.9","2.327530","483.6","2.328228","1652.2","2.331168","380.0","2.331244","380.0","2.323950","2788.4","2.319710","46.9","2.319707","483.7","2.319304","1652.6","2.315175","380.0","2020-09-20 03:01:57","2020-09-20","2020-09-20 03","2020-09-20 03XTZ"
"BNBUSD","BNB","USD","26.86144","81.44","26.86145","4.72","26.88474","208.55","26.91390","452.89","26.92011","100.00","26.77436","4.72","26.75149","7.52","26.73673","208.53","26.72435","100.00","26.71150","200.00","2020-09-20 03:02:41","2020-09-20","2020-09-20 03","2020-09-20 03BNB"
"NEOUSD","NEO","USD","24.36463","16.10","24.36486","24.00","24.37578","69.33","24.38037","61.55","24.38038","89.68","24.32592","4.48","24.32493","24.00","24.31595","69.33","24.31316","44.84","24.31229","44.58","2020-09-20 03:03:30","2020-09-20","2020-09-20 03","2020-09-20 03NEO"
"TRXUSD","TRX","USD","0.0272216","19471","0.0272217","80423","0.0272249","55143","0.0272250","80410","0.0272269","80414","0.0271919","10154","0.0271887","1050","0.0271885","3045","0.0271838","80393","0.0271809","40220","2020-09-20 03:04:02","2020-09-20","2020-09-20 03","2020-09-20 03TRX"
"BCHUSD","BCH","USD","229.619","0.0600","229.803","0.3600","229.804","18.0000","229.808","0.6200","229.874","9.5221","229.618","18.0000","229.616","0.7159","229.615","18.0000","229.520","10.0000","229.519","0.6200","2020-09-20 03:04:06","2020-09-20","2020-09-20 03","2020-09-20 03BCH"
"BSVUSD","BSV","USD","158.5165","6.000","158.5166","18.000","158.6424","7.802","158.6425","13.799","158.6426","13.797","158.3759","18.000","158.3680","13.804","158.3679","0.522","158.3678","18.000","158.3430","1.200","2020-09-20 03:04:08","2020-09-20","2020-09-20 03","2020-09-20 03BSV"
"CROUSD","CRO","USD","0.165583","8422.2","0.165594","4243.7","0.165683","48089.4","0.165716","18801.6","0.165857","19459.7","0.165307","3517.1","0.165227","2011.5","0.165212","3454.3","0.165207","35610.5","0.165036","17546.3","2020-09-20 03:05:11","2020-09-20","2020-09-20 03","2020-09-20 03CRO"
"BTCUSD","BTC","USD","10940.69","0.06200","10941.97","0.10220","10941.98","0.10000","10942.00","2.00000","10942.16","0.30400","10940.42","0.06200","10940.03","0.10282","10940.02","0.62583","10939.34","0.03645","10939.33","0.20000","2020-09-20 04:00:06","2020-09-20","2020-09-20 04","2020-09-20 04BTC"
"LTCUSD","LTC","USD","48.0918","60.000","48.0998","3.750","48.1016","60.000","48.1063","35.000","48.1064","1.090","48.0835","3.750","48.0834","1.090","48.0833","60.000","48.0826","8.335","48.0814","31.774","2020-09-20 04:00:21","2020-09-20","2020-09-20 04","2020-09-20 04LTC"
"XMRUSD","XMR","USD","93.3066","3.127","93.3067","1.500","93.3755","3.200","93.4069","16.148","93.4070","20.000","93.2449","1.500","93.2401","16.077","93.2202","3.127","93.1857","4.690","93.1754","23.457","2020-09-20 04:00:45","2020-09-20","2020-09-20 04","2020-09-20 04XMR"
"ETHUSD","ETH","USD","381.046","1.3847","381.047","0.4000","381.085","30.0000","381.181","5.7429","381.182","5.7428","381.006","0.4000","380.892","3.0000","380.891","1.4062","380.890","2.5306","380.889","3.9368","2020-09-20 04:00:47","2020-09-20","2020-09-20 04","2020-09-20 04ETH"
"EOSUSD","EOS","USD","2.68484","600.00","2.68497","322.00","2.68500","600.00","2.68513","558.94","2.68514","600.00","2.68292","600.00","2.68283","322.00","2.68275","359.78","2.68274","177.71","2.68273","200.00","2020-09-20 04:01:54","2020-09-20","2020-09-20 04","2020-09-20 04EOS"
"XTZUSD","XTZ","USD","2.347746","13.6","2.349330","46.6","2.349331","480.1","2.349742","1640.3","2.353083","380.0","2.342202","46.6","2.342114","480.1","2.339476","1640.3","2.338363","380.0","2.334726","380.0","2020-09-20 04:01:59","2020-09-20","2020-09-20 04","2020-09-20 04XTZ"
"BNBUSD","BNB","USD","26.94462","4.71","26.97422","208.15","26.99719","100.00","27.00395","452.03","27.00581","200.00","26.84499","48.23","26.84498","4.71","26.81422","208.28","26.80015","100.00","26.79332","200.00","2020-09-20 04:02:43","2020-09-20","2020-09-20 04","2020-09-20 04BNB"
"NEOUSD","NEO","USD","25.05960","24.00","25.06363","4.36","25.06667","17.47","25.07177","69.33","25.07361","43.68","25.03828","43.42","25.03825","51.62","25.02639","16.10","25.02421","24.00","25.01873","69.33","2020-09-20 04:03:32","2020-09-20","2020-09-20 04","2020-09-20 04NEO"
"TRXUSD","TRX","USD","0.0272521","55088","0.0272522","37027","0.0272523","51741","0.0272524","40024","0.0272548","114600","0.0272394","6900","0.0272218","5077","0.0272217","5077","0.0272216","80328","0.0272215","80316","2020-09-20 04:04:03","2020-09-20","2020-09-20 04","2020-09-20 04TRX"
"BCHUSD","BCH","USD","229.969","0.3600","229.975","18.0000","229.979","9.5108","229.986","0.6200","230.019","18.0000","229.951","0.3600","229.927","0.6200","229.926","18.0000","229.888","5.0833","229.887","0.8800","2020-09-20 04:04:08","2020-09-20","2020-09-20 04","2020-09-20 04BCH"
"BSVUSD","BSV","USD","158.0909","13.843","158.1036","0.600","158.1109","1.253","158.1110","7.830","158.1111","13.842","158.0610","18.000","158.0421","0.600","158.0127","6.000","158.0126","2.601","157.9578","1.200","2020-09-20 04:04:10","2020-09-20","2020-09-20 04","2020-09-20 04BSV"
"CROUSD","CRO","USD","0.165783","2025.6","0.165883","58729.7","0.165958","18801.6","0.166049","19459.7","0.166082","25342.9","0.165507","4756.5","0.165506","772.1","0.165436","2795.6","0.165407","36269.2","0.165356","17546.3","2020-09-20 04:05:16","2020-09-20","2020-09-20 04","2020-09-20 04CRO"
"BTCUSD","BTC","USD","10964.90","0.06200","10964.92","0.30400","10964.93","2.00000","10965.43","0.54400","10965.81","0.78600","10964.71","0.06200","10964.63","0.01626","10964.61","0.16543","10964.07","0.16543","10963.87","0.16543","2020-09-20 05:00:07","2020-09-20","2020-09-20 05","2020-09-20 05BTC"
"LTCUSD","LTC","USD","48.1176","0.375","48.1199","60.000","48.1222","7.030","48.1223","45.566","48.1227","0.600","48.1086","0.375","48.1084","60.000","48.1083","41.563","48.1037","0.600","48.1025","45.569","2020-09-20 05:00:20","2020-09-20","2020-09-20 05","2020-09-20 05LTC"
"XMRUSD","XMR","USD","93.2765","0.003","93.2884","0.012","93.3159","0.031","93.3298","0.042","93.4280","3.295","93.2530","23.499","93.2529","17.475","93.2528","0.003","93.2409","0.012","93.2136","0.031","2020-09-20 05:00:45","2020-09-20","2020-09-20 05","2020-09-20 05XMR"
"ETHUSD","ETH","USD","380.828","0.0800","380.855","0.1200","380.933","0.0260","380.934","39.1916","380.947","3.9000","380.771","0.0800","380.745","0.1200","380.680","5.7571","380.679","5.2521","380.643","3.5345","2020-09-20 05:00:46","2020-09-20","2020-09-20 05","2020-09-20 05ETH"
"EOSUSD","EOS","USD","2.68440","11.50","2.68470","17.25","2.68537","558.75","2.68538","599.31","2.68540","72.52","2.68389","600.00","2.68386","11.50","2.68377","803.00","2.68376","744.99","2.68356","236.63","2020-09-20 05:01:53","2020-09-20","2020-09-20 05","2020-09-20 05EOS"
"XTZUSD","XTZ","USD","2.362488","2.3","2.364370","25.2","2.364371","46.5","2.364503","479.1","2.365012","1636.8","2.353124","479.1","2.353049","46.5","2.350623","1636.8","2.349612","380.0","2.346218","380.0","2020-09-20 05:01:57","2020-09-20","2020-09-20 05","2020-09-20 05XTZ"
"BNBUSD","BNB","USD","26.96017","4.72","26.98014","208.55","27.00449","100.00","27.00865","452.90","27.01557","200.00","26.86575","4.72","26.82545","208.45","26.81100","100.00","26.80272","200.00","26.79394","300.00","2020-09-20 05:02:41","2020-09-20","2020-09-20 05","2020-09-20 05BNB"
"NEOUSD","NEO","USD","25.04525","59.93","25.04526","65.66","25.04580","167.39","25.05688","0.02","25.05717","4.37","25.01802","20.75","25.01801","48.08","25.01799","79.90","25.01797","4.37","25.01098","17.50","2020-09-20 05:03:28","2020-09-20","2020-09-20 05","2020-09-20 05NEO"
"TRXUSD","TRX","USD","0.0273337","3","0.0273340","26809","0.0273370","46112","0.0273371","39296","0.0273406","40089","0.0273231","3","0.0273220","6900","0.0273187","13","0.0273145","18","0.0273113","16","2020-09-20 05:04:00","2020-09-20","2020-09-20 05","2020-09-20 05TRX"
"BCHUSD","BCH","USD","230.164","0.3600","230.165","18.0000","230.173","7.0521","230.182","0.6200","230.227","0.8800","230.150","0.3600","230.124","0.6200","230.086","9.5212","230.071","22.7599","230.061","0.8800","2020-09-20 05:04:04","2020-09-20","2020-09-20 05","2020-09-20 05BCH"
"BSVUSD","BSV","USD","158.3228","0.250","158.3455","0.600","158.3643","4.873","158.3652","2.601","158.4245","5.519","158.2872","18.000","158.2844","0.600","158.2677","2.601","158.2313","9.474","158.2282","13.841","2020-09-20 05:04:07","2020-09-20","2020-09-20 05","2020-09-20 05BSV"
"CROUSD","CRO","USD","0.165983","3833.9","0.166057","2257.6","0.166082","2330.7","0.166083","52333.1","0.166168","18801.6","0.165696","8324.2","0.165597","3454.3","0.165596","4205.8","0.165511","7719.6","0.165496","10409.0","2020-09-20 05:05:13","2020-09-20","2020-09-20 05","2020-09-20 05CRO"
"BTCUSD","BTC","USD","10947.22","0.06200","10947.28","0.30400","10947.88","0.05510","10947.89","2.00000","10948.45","0.54400","10946.65","0.06200","10946.43","0.16288","10944.98","0.16288","10944.82","0.06308","10944.70","0.16288","2020-09-20 06:00:07","2020-09-20","2020-09-20 06","2020-09-20 06BTC"
"LTCUSD","LTC","USD","48.0818","60.375","48.0865","0.600","48.0990","35.000","48.0991","7.680","48.0993","11.590","48.0754","60.000","48.0737","0.375","48.0675","0.600","48.0543","45.533","48.0542","45.534","2020-09-20 06:00:21","2020-09-20","2020-09-20 06","2020-09-20 06LTC"
"XMRUSD","XMR","USD","93.5303","0.003","93.5450","0.090","93.5466","0.012","93.5649","0.031","93.5749","0.030","93.4959","0.003","93.4797","0.012","93.4604","0.031","93.4503","0.042","93.4029","23.411","2020-09-20 06:00:46","2020-09-20","2020-09-20 06","2020-09-20 06XMR"
"ETHUSD","ETH","USD","380.398","1.3868","380.399","30.0000","380.469","0.0001","380.496","7.1293","380.545","4.5118","380.389","0.0240","380.380","0.0360","380.323","3.9429","380.322","5.2577","380.321","1.1504","2020-09-20 06:00:47","2020-09-20","2020-09-20 06","2020-09-20 06ETH"
"EOSUSD","EOS","USD","2.68502","11.50","2.68530","3.50","2.68551","666.02","2.68552","224.06","2.68553","343.66","2.68444","11.50","2.68429","600.00","2.68416","17.25","2.68412","801.97","2.68399","574.43","2020-09-20 06:01:55","2020-09-20","2020-09-20 06","2020-09-20 06EOS"
"XTZUSD","XTZ","USD","2.369135","0.9","2.369516","28.8","2.369517","46.2","2.373525","476.2","2.374100","1627.0","2.364669","46.2","2.364619","476.2","2.362686","1627.0","2.360783","380.0","2.356572","380.0","2020-09-20 06:01:59","2020-09-20","2020-09-20 06","2020-09-20 06XTZ"
"BNBUSD","BNB","USD","26.95542","4.71","26.99172","208.26","27.01041","100.00","27.01796","200.00","27.02176","452.27","26.85098","4.71","26.80996","208.26","26.79933","200.00","26.79621","100.00","26.79551","190.00","2020-09-20 06:02:45","2020-09-20","2020-09-20 06","2020-09-20 06BNB"
"NEOUSD","NEO","USD","24.73912","0.02","24.74475","0.04","24.75642","4.42","24.76045","42.75","24.76046","17.69","24.71872","52.33","24.71871","43.92","24.71870","22.05","24.70286","4.41","24.69904","17.67","2020-09-20 06:03:35","2020-09-20","2020-09-20 06","2020-09-20 06NEO"
"TRXUSD","TRX","USD","0.0272947","3","0.0273035","8","0.0273111","44042","0.0273112","22767","0.0273113","40085","0.0272865","54920","0.0272864","80155","0.0272814","3","0.0272747","13","0.0272712","80169","2020-09-20 06:04:08","2020-09-20","2020-09-20 06","2020-09-20 06TRX"
"BCHUSD","BCH","USD","229.821","0.3600","229.885","7.7000","229.887","0.6200","229.970","5.8671","229.971","5.2282","229.802","18.0000","229.796","0.3600","229.791","0.0966","229.735","0.6200","229.703","10.0000","2020-09-20 06:04:12","2020-09-20","2020-09-20 06","2020-09-20 06BCH"
"BSVUSD","BSV","USD","157.7241","0.600","157.7261","41.603","157.7489","7.624","157.7648","2.601","157.7828","6.947","157.6673","0.600","157.6494","18.000","157.6230","2.601","157.5761","3.960","157.5760","13.879","2020-09-20 06:04:15","2020-09-20","2020-09-20 06","2020-09-20 06BSV"
"CROUSD","CRO","USD","0.165683","2025.6","0.165762","1808.3","0.165783","18688.9","0.165929","8057.4","0.165983","30175.1","0.165396","3517.1","0.165296","58622.6","0.165171","20576.5","0.165058","27245.2","0.164876","28776.8","2020-09-20 06:05:21","2020-09-20","2020-09-20 06","2020-09-20 06CRO"
"BTCUSD","BTC","USD","10962.73","2.59964","10962.82","0.09315","10962.83","2.00000","10963.23","0.00100","10963.63","0.10000","10962.72","0.00082","10962.00","0.06200","10961.32","0.30400","10961.11","0.07885","10961.08","0.18242","2020-09-20 07:00:06","2020-09-20","2020-09-20 07","2020-09-20 07BTC"
"LTCUSD","LTC","USD","48.1923","3.750","48.1938","60.000","48.1961","45.475","48.1962","8.335","48.2004","82.566","48.1571","31.000","48.1527","120.000","48.1435","22.735","48.1377","12.915","48.1345","3.100","2020-09-20 07:00:20","2020-09-20","2020-09-20 07","2020-09-20 07LTC"
"XMRUSD","XMR","USD","93.7698","1.500","93.7715","0.750","93.7716","1.687","93.8217","0.674","93.9275","3.200","93.6373","5.094","93.6372","0.212","93.6371","23.390","93.6370","1.378","93.5694","20.000","2020-09-20 07:00:45","2020-09-20","2020-09-20 07","2020-09-20 07XMR"
"ETHUSD","ETH","USD","381.222","0.4000","381.331","1.7533","381.332","1.2937","381.333","3.0000","381.335","0.4950","381.166","0.4000","381.152","1.9406","381.151","5.5141","381.096","5.7496","381.095","2.2584","2020-09-20 07:00:47","2020-09-20","2020-09-20 07","2020-09-20 07ETH"
"EOSUSD","EOS","USD","2.69034","30.00","2.69035","600.00","2.69048","430.34","2.69049","600.00","2.69062","814.57","2.68811","321.46","2.68810","610.97","2.68808","200.00","2.68807","72.52","2.68781","70.00","2020-09-20 07:01:54","2020-09-20","2020-09-20 07","2020-09-20 07EOS"
"XTZUSD","XTZ","USD","2.379051","37.7","2.379052","46.2","2.380063","476.2","2.380932","1627.0","2.384248","380.0","2.365968","46.2","2.365949","476.2","2.363615","1627.0","2.362347","380.0","2.359731","380.0","2020-09-20 07:01:59","2020-09-20","2020-09-20 07","2020-09-20 07XTZ"
"BNBUSD","BNB","USD","26.95593","29.83","26.95594","4.71","27.03096","208.36","27.03844","100.00","27.04360","200.00","26.88656","4.71","26.86335","208.36","26.84030","452.49","26.82992","200.00","26.82686","100.00","2020-09-20 07:02:44","2020-09-20","2020-09-20 07","2020-09-20 07BNB"
"NEOUSD","NEO","USD","25.00745","4.38","25.00794","24.00","25.00854","87.66","25.01111","60.00","25.01326","17.53","24.96280","8.05","24.96279","8.05","24.96278","43.54","24.96242","24.00","24.95699","69.33","2020-09-20 07:03:32","2020-09-20","2020-09-20 07","2020-09-20 07NEO"
"TRXUSD","TRX","USD","0.0276763","56100","0.0276764","79182","0.0276765","600","0.0276766","54242","0.0276852","3960","0.0276547","10154","0.0276546","1050","0.0276386","79206","0.0276385","47123","0.0276310","120000","2020-09-20 07:04:03","2020-09-20","2020-09-20 07","2020-09-20 07TRX"
"BCHUSD","BCH","USD","229.991","0.3600","230.011","0.6200","230.033","9.5290","230.034","4.7645","230.036","9.5289","229.979","0.3600","229.977","13.0180","229.961","0.6200","229.922","18.0000","229.919","0.8800","2020-09-20 07:04:07","2020-09-20","2020-09-20 07","2020-09-20 07BCH"
"BSVUSD","BSV","USD","158.1572","18.000","158.1608","0.600","158.1651","13.860","158.1769","2.601","158.1789","1.722","158.1155","18.000","158.1142","0.600","158.0980","2.601","158.0940","40.000","158.0708","18.000","2020-09-20 07:04:09","2020-09-20","2020-09-20 07","2020-09-20 07BSV"
"CROUSD","CRO","USD","0.165883","2025.6","0.165928","1808.3","0.165983","32191.3","0.165991","8057.4","0.166066","16672.7","0.165599","2173.9","0.165572","1343.2","0.165499","12467.2","0.165420","7719.6","0.165399","20889.5","2020-09-20 07:05:15","2020-09-20","2020-09-20 07","2020-09-20 07CRO"
"BTCUSD","BTC","USD","10962.18","0.06200","10963.10","0.30400","10963.51","2.00000","10964.75","0.10000","10964.76","0.20000","10962.12","2.00000","10962.07","0.10000","10962.04","0.17290","10962.03","0.23645","10962.02","0.06200","2020-09-20 08:00:06","2020-09-20","2020-09-20 08","2020-09-20 08BTC"
"LTCUSD","LTC","USD","48.1220","60.000","48.1246","3.750","48.1307","1.090","48.1308","8.335","48.1377","35.000","48.1162","3.750","48.1097","60.000","48.1091","8.335","48.1000","8.390","48.0999","45.548","2020-09-20 08:00:20","2020-09-20","2020-09-20 08","2020-09-20 08LTC"
"XMRUSD","XMR","USD","94.0929","0.750","94.0930","5.125","94.0933","1.500","94.1143","20.000","94.1144","16.067","94.0166","0.750","94.0165","1.500","93.9946","17.481","93.9945","3.200","93.9800","0.013","2020-09-20 08:00:45","2020-09-20","2020-09-20 08","2020-09-20 08XMR"
"ETHUSD","ETH","USD","380.876","1.7968","380.884","5.2521","380.885","1.0800","380.905","0.4000","380.928","5.7546","380.847","0.4000","380.770","3.0000","380.769","1.7968","380.768","1.0800","380.755","1.0585","2020-09-20 08:00:46","2020-09-20","2020-09-20 08","2020-09-20 08ETH"
"EOSUSD","EOS","USD","2.68912","600.00","2.68930","70.00","2.68954","600.00","2.68964","322.00","2.68967","76.22","2.68772","151.93","2.68771","811.22","2.68770","96.49","2.68769","61.50","2.68755","40.74","2020-09-20 08:01:55","2020-09-20","2020-09-20 08","2020-09-20 08EOS"
"XTZUSD","XTZ","USD","2.365815","4.7","2.366962","27.0","2.366963","46.4","2.367208","477.9","2.367755","1632.8","2.359221","46.4","2.359217","477.9","2.356388","1632.8","2.354272","380.0","2.352559","380.0","2020-09-20 08:01:59","2020-09-20","2020-09-20 08","2020-09-20 08XTZ"
"BNBUSD","BNB","USD","27.20521","4.68","27.24370","206.57","27.25591","100.00","27.27045","200.00","27.27883","448.62","27.12316","20.82","27.12315","4.68","27.09543","206.64","27.07339","100.00","27.06098","200.00","2020-09-20 08:02:43","2020-09-20","2020-09-20 08","2020-09-20 08BNB"
"NEOUSD","NEO","USD","25.04722","87.50","25.04723","24.00","25.06311","69.33","25.06316","59.88","25.06408","17.50","25.01824","8.05","25.01823","8.05","25.00591","4.37","25.00525","84.00","25.00040","24.00","2020-09-20 08:03:32","2020-09-20","2020-09-20 08","2020-09-20 08NEO"
"TRXUSD","TRX","USD","0.0275463","79631","0.0275464","1050","0.0275478","42207","0.0275479","54495","0.0275480","79611","0.0275207","37870","0.0275205","5077","0.0275067","1050","0.0275010","14880","0.0275009","5077","2020-09-20 08:04:04","2020-09-20","2020-09-20 08","2020-09-20 08TRX"
"BCHUSD","BCH","USD","230.477","0.3600","230.497","18.0000","230.513","0.6200","230.550","6.0204","230.560","0.8800","230.467","0.3600","230.425","0.6200","230.417","18.0000","230.390","0.8800","230.326","10.0000","2020-09-20 08:04:08","2020-09-20","2020-09-20 08","2020-09-20 08BCH"
"BSVUSD","BSV","USD","158.5280","18.000","158.5348","0.600","158.5359","9.466","158.5531","18.000","158.5546","2.601","158.4994","18.000","158.4981","0.600","158.4793","2.601","158.4240","4.839","158.4239","40.000","2020-09-20 08:04:10","2020-09-20","2020-09-20 08","2020-09-20 08BSV"
"CROUSD","CRO","USD","0.165783","3833.9","0.165871","2257.6","0.165883","24488.7","0.166026","13502.4","0.166083","16672.7","0.165502","23703.9","0.165462","10409.0","0.165402","17546.3","0.165387","10480.5","0.165340","20576.5","2020-09-20 08:05:16","2020-09-20","2020-09-20 08","2020-09-20 08CRO"
"BTCUSD","BTC","USD","10954.35","2.45576","10954.82","0.18361","10954.83","0.04657","10954.84","0.24055","10955.08","0.01000","10954.34","0.00008","10954.33","0.00100","10954.32","0.00100","10954.31","0.00100","10954.14","0.00100","2020-09-20 09:00:07","2020-09-20","2020-09-20 09","2020-09-20 09BTC"
"LTCUSD","LTC","USD","48.0576","3.750","48.0586","35.000","48.0587","1.090","48.0596","8.335","48.0612","45.589","48.0554","3.750","48.0547","0.061","48.0519","8.335","48.0426","12.915","48.0328","45.581","2020-09-20 09:00:21","2020-09-20","2020-09-20 09","2020-09-20 09LTC"
"XMRUSD","XMR","USD","93.7827","1.500","93.8124","3.750","93.8125","3.200","93.8681","2.346","93.8682","17.511","93.7288","8.946","93.7286","20.000","93.7216","3.750","93.7215","1.500","93.7169","4.670","2020-09-20 09:00:46","2020-09-20","2020-09-20 09","2020-09-20 09XMR"
"ETHUSD","ETH","USD","379.542","1.6820","379.543","1.0800","379.545","0.4000","379.585","1.9406","379.586","1.9406","379.516","0.0059","379.445","1.7968","379.444","3.9000","379.441","0.4000","379.431","3.0000","2020-09-20 09:00:48","2020-09-20","2020-09-20 09","2020-09-20 09ETH"
"EOSUSD","EOS","USD","2.68576","30.00","2.68578","35.17","2.68580","74.00","2.68591","600.00","2.68593","40.77","2.68450","600.00","2.68424","314.53","2.68423","200.00","2.68405","70.00","2.68384","299.07","2020-09-20 09:01:55","2020-09-20","2020-09-20 09","2020-09-20 09EOS"
"XTZUSD","XTZ","USD","2.363130","4.3","2.364063","46.4","2.364080","477.7","2.364579","1631.6","2.367857","380.0","2.356520","46.4","2.356481","477.7","2.354200","1631.8","2.351973","380.0","2.347964","380.0","2020-09-20 09:01:59","2020-09-20","2020-09-20 09","2020-09-20 09XTZ"
"BNBUSD","BNB","USD","26.98938","81.32","26.98939","4.71","27.00432","208.22","27.03190","100.00","27.04034","452.29","26.86941","0.40","26.86940","4.71","26.83079","208.21","26.81039","100.00","26.81029","200.00","2020-09-20 09:02:44","2020-09-20","2020-09-20 09","2020-09-20 09BNB"
"NEOUSD","NEO","USD","25.09934","4.96","25.09935","24.00","25.11428","43.49","25.11465","87.21","25.11525","65.37","25.05117","16.10","25.05116","24.00","25.04179","4.36","25.02207","43.64","25.01687","69.33","2020-09-20 09:03:32","2020-09-20","2020-09-20 09","2020-09-20 09NEO"
"TRXUSD","TRX","USD","0.0274731","1050","0.0274787","79686","0.0274789","79681","0.0274790","54620","0.0274801","39886","0.0274441","600","0.0274440","10154","0.0274373","39889","0.0274336","1050","0.0274315","79719","2020-09-20 09:04:03","2020-09-20","2020-09-20 09","2020-09-20 09TRX"
"BCHUSD","BCH","USD","229.691","9.8906","229.707","0.6200","229.723","5.9454","229.744","9.5298","229.745","9.5298","229.636","0.3600","229.593","18.0000","229.590","13.0336","229.571","0.6200","229.494","10.0000","2020-09-20 09:04:08","2020-09-20","2020-09-20 09","2020-09-20 09BCH"
"BSVUSD","BSV","USD","158.6560","0.600","158.6745","2.601","158.6881","18.000","158.7503","1.161","158.7504","9.454","158.6316","18.000","158.6235","0.600","158.5955","2.601","158.5440","4.839","158.5439","4.188","2020-09-20 09:04:10","2020-09-20","2020-09-20 09","2020-09-20 09BSV"
"CROUSD","CRO","USD","0.165783","30580.2","0.165842","13502.4","0.165892","16672.7","0.165933","664.0","0.166013","11476.3","0.165398","11778.5","0.165326","4205.8","0.165298","7719.6","0.165220","10409.0","0.165098","28026.8","2020-09-20 09:05:16","2020-09-20","2020-09-20 09","2020-09-20 09CRO"
"BTCUSD","BTC","USD","10961.66","0.06200","10961.99","0.30400","10962.16","0.00100","10964.62","0.10060","10964.63","0.26468","10961.65","2.18241","10960.72","0.23135","10960.71","0.06200","10960.20","0.02985","10960.18","0.09940","2020-09-20 10:00:06","2020-09-20","2020-09-20 10","2020-09-20 10BTC"
"LTCUSD","LTC","USD","48.1145","3.750","48.1152","8.335","48.1183","0.062","48.1184","60.000","48.1338","9.958","48.1074","1.090","48.1072","60.000","48.1048","45.569","48.1014","3.750","48.0990","41.568","2020-09-20 10:00:20","2020-09-20","2020-09-20 10","2020-09-20 10LTC"
"XMRUSD","XMR","USD","94.1589","0.750","94.1601","18.959","94.1699","1.500","94.2011","3.200","94.2309","16.064","94.1081","1.500","94.0718","17.469","94.0716","3.200","94.0315","23.293","94.0314","4.658","2020-09-20 10:00:45","2020-09-20","2020-09-20 10","2020-09-20 10XMR"
"ETHUSD","ETH","USD","380.446","30.0000","380.465","0.4000","380.473","1.0935","380.474","5.7642","380.514","5.2576","380.425","1.0935","380.423","30.0000","380.421","0.4000","380.370","1.0935","380.369","1.0800","2020-09-20 10:00:46","2020-09-20","2020-09-20 10","2020-09-20 10ETH"
"EOSUSD","EOS","USD","2.69182","600.00","2.69195","4.97","2.69275","222.34","2.69276","200.00","2.69278","814.78","2.69090","600.00","2.69077","557.34","2.69063","914.26","2.69062","611.02","2.69061","814.75","2020-09-20 10:01:55","2020-09-20","2020-09-20 10","2020-09-20 10EOS"
"XTZUSD","XTZ","USD","2.360980","4.3","2.360982","46.4","2.360983","478.3","2.361735","1634.1","2.363517","24.6","2.356536","46.4","2.356476","478.1","2.354462","1633.3","2.352699","380.0","2.350579","380.0","2020-09-20 10:02:00","2020-09-20","2020-09-20 10","2020-09-20 10XTZ"
"BNBUSD","BNB","USD","27.14558","80.90","27.14559","4.69","27.17047","207.13","27.19528","100.00","27.20987","200.00","27.05696","80.80","27.05695","4.69","27.03321","207.10","27.01356","100.00","27.00402","200.00","2020-09-20 10:02:44","2020-09-20","2020-09-20 10","2020-09-20 10BNB"
"NEOUSD","NEO","USD","25.21672","4.49","25.21673","59.50","25.21674","79.32","25.21681","65.22","25.21707","24.00","25.19356","8.05","25.19355","3.73","25.19354","24.00","25.19335","43.49","25.18037","8.05","2020-09-20 10:03:31","2020-09-20","2020-09-20 10","2020-09-20 10NEO"
"TRXUSD","TRX","USD","0.0276778","79006","0.0276779","5077","0.0276780","54222","0.0276810","27901","0.0276835","1050","0.0276515","79220","0.0276514","5077","0.0276513","5350","0.0276511","79210","0.0276509","79182","2020-09-20 10:04:02","2020-09-20","2020-09-20 10","2020-09-20 10TRX"
"BCHUSD","BCH","USD","230.398","0.3600","230.416","0.6200","230.421","18.0000","230.438","8.2807","230.446","0.8800","230.380","18.0000","230.372","0.3600","230.371","12.9989","230.341","0.6200","230.296","0.8800","2020-09-20 10:04:06","2020-09-20","2020-09-20 10","2020-09-20 10BCH"
"BSVUSD","BSV","USD","158.1402","3.468","158.1403","5.000","158.1404","6.000","158.1405","9.084","158.1886","11.000","157.8640","13.874","157.8639","1.200","157.8487","18.000","157.8410","13.873","157.8409","55.000","2020-09-20 10:04:09","2020-09-20","2020-09-20 10","2020-09-20 10BSV"
"CROUSD","CRO","USD","0.165883","2025.6","0.165906","1808.3","0.165983","56921.4","0.166017","18801.6","0.166148","19459.7","0.165597","15984.3","0.165530","7719.6","0.165497","10409.0","0.165415","10480.5","0.165307","17546.3","2020-09-20 10:05:16","2020-09-20","2020-09-20 10","2020-09-20 10CRO"
"BTCUSD","BTC","USD","10980.87","0.06200","10980.88","2.00000","10981.26","0.30400","10981.59","0.00019","10982.00","0.00560","10980.75","0.06200","10980.48","0.10000","10980.47","0.10000","10980.46","2.00000","10980.26","0.30400","2020-09-20 11:00:07","2020-09-20","2020-09-20 11","2020-09-20 11BTC"
"LTCUSD","LTC","USD","48.1997","3.750","48.2020","60.000","48.2050","8.335","48.2071","45.556","48.2137","60.000","48.1957","60.000","48.1933","35.000","48.1932","60.000","48.1925","3.750","48.1923","41.493","2020-09-20 11:00:20","2020-09-20","2020-09-20 11","2020-09-20 11LTC"
"XMRUSD","XMR","USD","94.4999","23.233","94.5000","0.007","94.5183","1.500","94.5285","15.786","94.5408","3.750","94.4612","12.498","94.4611","0.012","94.4582","1.500","94.4289","3.750","94.4288","8.585","2020-09-20 11:00:44","2020-09-20","2020-09-20 11","2020-09-20 11XMR"
"ETHUSD","ETH","USD","380.621","30.0000","380.692","0.4000","380.711","0.0100","380.762","1.8732","380.763","3.0000","380.609","2.6094","380.608","0.4000","380.591","7.7065","380.590","1.9406","380.551","7.1025","2020-09-20 11:00:45","2020-09-20","2020-09-20 11","2020-09-20 11ETH"
"EOSUSD","EOS","USD","2.69895","136.88","2.69896","600.00","2.69898","322.00","2.69900","406.90","2.69909","200.00","2.69716","373.79","2.69700","40.67","2.69682","1109.77","2.69668","322.00","2.69635","74.00","2020-09-20 11:01:52","2020-09-20","2020-09-20 11","2020-09-20 11EOS"
"XTZUSD","XTZ","USD","2.363572","4.3","2.364021","25.0","2.364022","46.4","2.364028","478.5","2.364618","1634.8","2.358258","46.4","2.358160","478.4","2.355588","1634.5","2.354098","380.0","2.351410","380.0","2020-09-20 11:01:57","2020-09-20","2020-09-20 11","2020-09-20 11XTZ"
"BNBUSD","BNB","USD","27.18613","80.86","27.18614","4.68","27.22027","207.00","27.24533","100.00","27.25231","200.00","27.10022","4.68","27.07440","207.01","27.05532","200.00","27.05102","100.00","27.03802","190.00","2020-09-20 11:02:40","2020-09-20","2020-09-20 11","2020-09-20 11BNB"
"NEOUSD","NEO","USD","25.36199","5.30","25.36200","24.00","25.37200","64.89","25.37214","69.33","25.37361","59.14","25.34261","8.05","25.34260","38.19","25.34000","0.05","25.33800","8.05","25.33799","51.40","2020-09-20 11:03:29","2020-09-20","2020-09-20 11","2020-09-20 11NEO"
"TRXUSD","TRX","USD","0.0276159","4009","0.0276160","79488","0.0276161","54369","0.0276162","79496","0.0276179","39754","0.0275908","5077","0.0275906","5077","0.0275874","54246","0.0275873","52375","0.0275831","3973","2020-09-20 11:04:00","2020-09-20","2020-09-20 11","2020-09-20 11TRX"
"BCHUSD","BCH","USD","230.599","0.3600","230.601","18.0000","230.613","0.6200","230.624","5.8916","230.626","9.5197","230.588","0.3600","230.576","0.6200","230.575","12.9899","230.556","0.8800","230.538","1.1400","2020-09-20 11:04:04","2020-09-20","2020-09-20 11","2020-09-20 11BCH"
"BSVUSD","BSV","USD","158.0223","41.603","158.0749","6.949","158.0874","0.600","158.1048","2.601","158.1237","4.217","157.9899","0.600","157.9823","18.000","157.9764","2.601","157.9362","1.200","157.9104","6.000","2020-09-20 11:04:07","2020-09-20","2020-09-20 11","2020-09-20 11BSV"
"CROUSD","CRO","USD","0.166083","12665.9","0.166086","4514.1","0.166183","43575.3","0.166233","18801.6","0.166349","19459.7","0.165797","3517.1","0.165706","2011.5","0.165697","28584.3","0.165636","10480.5","0.165597","17546.3","2020-09-20 11:05:12","2020-09-20","2020-09-20 11","2020-09-20 11CRO"
"BTCUSD","BTC","USD","10956.98","0.06200","10956.99","0.02297","10957.49","0.00100","10958.00","0.10000","10958.01","0.30400","10956.75","0.06200","10955.96","0.09988","10955.95","0.35187","10955.61","0.10125","10955.60","0.30400","2020-09-20 12:00:06","2020-09-20","2020-09-20 12","2020-09-20 12BTC"
"LTCUSD","LTC","USD","48.0751","3.750","48.0768","60.000","48.0773","8.335","48.0808","45.571","48.0868","11.013","48.0675","60.000","48.0657","3.750","48.0625","8.335","48.0591","1.090","48.0590","45.578","2020-09-20 12:00:19","2020-09-20","2020-09-20 12","2020-09-20 12LTC"
"XMRUSD","XMR","USD","94.4377","2.750","94.4480","3.750","94.4481","0.025","94.4655","3.200","94.4798","1.967","94.3776","17.397","94.3775","1.500","94.3769","23.191","94.3674","13.913","94.3673","15.892","2020-09-20 12:00:44","2020-09-20","2020-09-20 12","2020-09-20 12XMR"
"ETHUSD","ETH","USD","379.287","0.4000","379.326","2.6953","379.327","2.6953","379.328","5.7753","379.329","30.0000","379.247","0.4000","379.240","1.7968","379.239","30.0000","379.160","5.2739","379.156","7.0972","2020-09-20 12:00:45","2020-09-20","2020-09-20 12","2020-09-20 12ETH"
"EOSUSD","EOS","USD","2.69404","600.00","2.69417","121.24","2.69418","680.42","2.69419","200.00","2.69420","406.80","2.69192","75.48","2.69164","70.00","2.69163","322.00","2.69153","1167.27","2.69152","742.79","2020-09-20 12:01:52","2020-09-20","2020-09-20 12","2020-09-20 12EOS"
"XTZUSD","XTZ","USD","2.353283","526.0","2.353752","1638.1","2.354282","4.3","2.354283","18.2","2.357949","380.0","2.347609","479.5","2.347560","46.5","2.344743","380.0","2.341548","1638.1","2.340058","380.0","2020-09-20 12:01:57","2020-09-20","2020-09-20 12","2020-09-20 12XTZ"
"BNBUSD","BNB","USD","27.10824","80.90","27.10825","4.69","27.12812","207.14","27.15956","100.00","27.16106","449.93","27.01876","4.69","26.98550","207.15","26.97106","100.00","26.96282","200.00","26.96144","190.00","2020-09-20 12:02:41","2020-09-20","2020-09-20 12","2020-09-20 12BNB"
"NEOUSD","NEO","USD","25.31569","8.05","25.31570","24.00","25.31718","79.00","25.31719","48.11","25.31722","64.87","25.28486","8.05","25.28485","8.05","25.28484","43.15","25.28418","23.08","25.28254","4.32","2020-09-20 12:03:29","2020-09-20","2020-09-20 12","2020-09-20 12NEO"
"TRXUSD","TRX","USD","0.0276329","10154","0.0276417","23477","0.0276418","79244","0.0276419","79263","0.0276469","3964","0.0276085","17848","0.0276084","79231","0.0276083","4157","0.0276082","39941","0.0276081","1050","2020-09-20 12:04:00","2020-09-20","2020-09-20 12","2020-09-20 12TRX"
"BCHUSD","BCH","USD","229.797","0.3600","229.810","9.5289","229.812","0.6200","229.831","0.8800","229.888","1.1400","229.791","0.0966","229.787","0.3600","229.768","0.6200","229.739","0.8800","229.713","13.0269","2020-09-20 12:04:04","2020-09-20","2020-09-20 12","2020-09-20 12BCH"
"BSVUSD","BSV","USD","157.4333","0.600","157.4457","2.601","157.4702","18.000","157.4910","4.599","157.5111","4.225","157.4118","18.000","157.4057","0.600","157.4000","2.601","157.3878","6.000","157.3877","18.000","2020-09-20 12:04:06","2020-09-20","2020-09-20 12","2020-09-20 12BSV"
"CROUSD","CRO","USD","0.165783","16372.0","0.165789","808.0","0.165983","43575.3","0.166061","18801.6","0.166153","19459.7","0.165497","8324.2","0.165476","3454.3","0.165397","32814.9","0.165299","17546.3","0.165226","20576.5","2020-09-20 12:05:11","2020-09-20","2020-09-20 12","2020-09-20 12CRO"
"BTCUSD","BTC","USD","10838.32","0.06200","10841.66","0.01358","10841.67","0.30400","10842.01","0.08800","10843.76","0.00258","10836.57","0.06200","10836.39","0.25252","10836.19","0.10350","10836.18","0.10350","10835.08","0.04142","2020-09-20 13:00:07","2020-09-20","2020-09-20 13","2020-09-20 13BTC"
"LTCUSD","LTC","USD","46.8745","60.000","46.8768","4.100","46.8915","3.750","46.8949","35.000","46.8950","1.090","46.8612","3.750","46.8598","12.302","46.8497","0.020","46.8477","3.000","46.8476","8.335","2020-09-20 13:00:21","2020-09-20","2020-09-20 13","2020-09-20 13LTC"
"XMRUSD","XMR","USD","92.7931","0.750","92.7971","1.500","92.8020","3.092","92.8021","23.432","92.8373","21.758","92.7279","1.500","92.6785","0.750","92.6784","4.358","92.6664","16.181","92.6663","5.761","2020-09-20 13:00:46","2020-09-20","2020-09-20 13","2020-09-20 13XMR"
"ETHUSD","ETH","USD","372.910","0.9622","372.911","30.0000","372.928","9.4354","372.929","3.7060","372.930","7.2845","372.829","0.4000","372.809","30.0000","372.726","0.4800","372.658","1.4062","372.657","3.0000","2020-09-20 13:00:47","2020-09-20","2020-09-20 13","2020-09-20 13ETH"
"EOSUSD","EOS","USD","2.64673","600.00","2.64686","495.32","2.64687","600.00","2.64700","374.26","2.64701","71.04","2.64504","600.00","2.64491","755.92","2.64490","600.00","2.64477","200.00","2.64476","74.00","2020-09-20 13:01:53","2020-09-20","2020-09-20 13","2020-09-20 13EOS"
"XTZUSD","XTZ","USD","2.298596","533.4","2.299325","1660.9","2.302702","380.0","2.304426","380.0","2.304456","3187.1","2.295400","3000.0","2.291853","47.2","2.291831","1660.7","2.291644","486.2","2.290000","94.0","2020-09-20 13:01:58","2020-09-20","2020-09-20 13","2020-09-20 13XTZ"
"BNBUSD","BNB","USD","26.33374","82.48","26.33375","4.78","26.35862","211.22","26.38341","100.00","26.39051","458.68","26.24053","82.49","26.24052","4.78","26.20574","211.21","26.19559","100.00","26.18866","200.00","2020-09-20 13:02:41","2020-09-20","2020-09-20 13","2020-09-20 13BNB"
"NEOUSD","NEO","USD","24.30784","66.93","24.30786","8.05","24.32017","44.56","24.32495","4.46","24.32752","3.41","24.25183","84.00","24.25182","8.05","24.25181","5.64","24.25180","3.53","24.25000","0.05","2020-09-20 13:03:29","2020-09-20","2020-09-20 13","2020-09-20 13NEO"
"TRXUSD","TRX","USD","0.0271016","23739","0.0271017","5077","0.0271018","39402","0.0271020","29123","0.0271021","8430","0.0270900","1805","0.0270812","39952","0.0270747","5023","0.0270746","5077","0.0270745","79938","2020-09-20 13:04:01","2020-09-20","2020-09-20 13","2020-09-20 13TRX"
"BCHUSD","BCH","USD","225.372","0.3600","225.463","2.0609","225.464","9.6108","225.465","6.6570","225.466","0.6200","225.339","18.0000","225.334","0.3600","225.263","13.2334","225.221","10.0000","225.220","0.6200","2020-09-20 13:04:05","2020-09-20","2020-09-20 13","2020-09-20 13BCH"
"BSVUSD","BSV","USD","153.7791","0.600","153.8398","4.367","153.8399","5.389","153.8400","2.601","153.8595","5.000","153.6909","0.600","153.6887","14.085","153.6886","6.000","153.6885","18.000","153.6717","9.756","2020-09-20 13:04:07","2020-09-20","2020-09-20 13","2020-09-20 13BSV"
"CROUSD","CRO","USD","0.164183","2025.6","0.164205","1808.3","0.164283","2257.6","0.164355","2330.7","0.164380","4243.7","0.164110","0.1","0.163897","2173.9","0.163855","1343.2","0.163805","3454.3","0.163797","9012.9","2020-09-20 13:05:11","2020-09-20","2020-09-20 13","2020-09-20 13CRO"
"BTCUSD","BTC","USD","10860.53","0.06200","10860.58","2.00000","10861.51","0.30400","10862.02","0.06468","10862.03","0.18449","10860.07","0.06200","10859.76","0.01800","10859.53","0.00100","10859.50","0.13808","10858.81","0.10000","2020-09-20 14:00:07","2020-09-20","2020-09-20 14","2020-09-20 14BTC"
"LTCUSD","LTC","USD","46.9660","1.090","46.9671","4.628","46.9683","3.750","46.9733","35.000","46.9734","46.275","46.9575","3.750","46.9481","60.000","46.9477","8.335","46.9315","46.279","46.9314","4.100","2020-09-20 14:00:20","2020-09-20","2020-09-20 14","2020-09-20 14LTC"
"XMRUSD","XMR","USD","92.8444","10.603","92.8494","1.500","92.8877","0.750","92.8878","4.682","92.8889","3.200","92.7893","1.500","92.7619","0.750","92.7618","17.561","92.7480","23.409","92.7354","3.200","2020-09-20 14:00:45","2020-09-20","2020-09-20 14","2020-09-20 14XMR"
"ETHUSD","ETH","USD","373.646","0.4000","373.716","2.1870","373.717","3.0000","373.743","30.0000","373.762","1.0800","373.604","0.4000","373.582","1.0935","373.579","2.9882","373.577","0.5200","373.550","30.0000","2020-09-20 14:00:46","2020-09-20","2020-09-20 14","2020-09-20 14ETH"
"EOSUSD","EOS","USD","2.65216","600.00","2.65229","70.00","2.65232","106.42","2.65233","600.00","2.65238","322.00","2.65030","200.00","2.65029","40.97","2.64977","565.83","2.64976","32.31","2.64975","174.52","2020-09-20 14:01:53","2020-09-20","2020-09-20 14","2020-09-20 14EOS"
"XTZUSD","XTZ","USD","2.279471","47.6","2.279497","490.9","2.280159","1677.0","2.283142","380.0","2.285390","3218.3","2.277800","3000.0","2.273746","47.6","2.273648","490.9","2.273167","1677.0","2.270435","380.0","2020-09-20 14:01:58","2020-09-20","2020-09-20 14","2020-09-20 14XTZ"
"BNBUSD","BNB","USD","26.53826","4.75","26.56617","209.98","26.58392","100.00","26.59033","200.00","26.60652","456.00","26.47007","81.98","26.47006","4.75","26.43904","209.97","26.41867","100.00","26.40866","200.00","2020-09-20 14:02:43","2020-09-20","2020-09-20 14","2020-09-20 14BNB"
"NEOUSD","NEO","USD","24.65928","16.10","24.65929","24.00","24.67115","66.07","24.67116","69.33","24.67192","15.84","24.64229","4.40","24.63136","8.05","24.63135","44.03","24.62933","17.61","24.62787","24.00","2020-09-20 14:03:31","2020-09-20","2020-09-20 14","2020-09-20 14NEO"
"TRXUSD","TRX","USD","0.0270206","11357","0.0270207","80427","0.0270208","80427","0.0270263","80432","0.0270264","80439","0.0269894","10154","0.0269884","1050","0.0269878","28295","0.0269877","47307","0.0269875","26498","2020-09-20 14:04:04","2020-09-20","2020-09-20 14","2020-09-20 14TRX"
"BCHUSD","BCH","USD","226.168","0.3600","226.170","0.6200","226.222","0.8800","226.226","1.3562","226.227","9.6073","226.140","18.0000","226.132","0.3600","226.099","0.6200","226.064","0.8800","226.031","10.0000","2020-09-20 14:04:08","2020-09-20","2020-09-20 14","2020-09-20 14BCH"
"BSVUSD","BSV","USD","154.2918","18.000","154.3055","0.600","154.3443","6.000","154.3444","2.601","154.4039","0.600","154.2597","0.600","154.2295","14.074","154.2192","2.601","154.2084","9.722","154.1837","4.640","2020-09-20 14:04:10","2020-09-20","2020-09-20 14","2020-09-20 14BSV"
"CROUSD","CRO","USD","0.164382","8422.2","0.164427","4243.7","0.164482","48089.4","0.164515","18801.6","0.164658","19459.7","0.164096","3517.1","0.164086","2011.5","0.164007","2795.6","0.164002","10480.5","0.163997","39880.7","2020-09-20 14:05:18","2020-09-20","2020-09-20 14","2020-09-20 14CRO"
"BTCUSD","BTC","USD","10840.80","0.00506","10840.82","0.02984","10840.83","0.16200","10840.84","0.25853","10840.96","0.30400","10840.68","0.00100","10839.57","0.06200","10839.49","0.19443","10838.33","0.00100","10837.29","0.00100","2020-09-20 15:00:07","2020-09-20","2020-09-20 15","2020-09-20 15BTC"
"LTCUSD","LTC","USD","46.9500","3.750","46.9519","60.000","46.9542","6.173","46.9623","1.090","46.9624","46.197","46.9416","3.750","46.9348","60.000","46.9300","46.194","46.9299","8.335","46.9264","42.608","2020-09-20 15:00:20","2020-09-20","2020-09-20 15","2020-09-20 15LTC"
"XMRUSD","XMR","USD","92.2581","1.369","92.2582","1.500","92.2606","3.276","92.2732","23.516","92.2752","16.262","92.1981","1.500","92.1934","9.969","92.1887","17.638","92.1699","1.369","92.1698","13.185","2020-09-20 15:00:45","2020-09-20","2020-09-20 15","2020-09-20 15XMR"
"ETHUSD","ETH","USD","372.255","30.0000","372.266","0.4000","372.308","1.0800","372.339","0.1954","372.438","1.0935","372.249","5.8233","372.240","30.0000","372.212","4.4406","372.211","4.0284","372.209","4.9000","2020-09-20 15:00:46","2020-09-20","2020-09-20 15","2020-09-20 15ETH"
"EOSUSD","EOS","USD","2.65070","600.00","2.65075","322.00","2.65083","407.35","2.65084","600.00","2.65089","448.00","2.64909","600.00","2.64896","73.84","2.64895","91.28","2.64894","600.00","2.64867","381.05","2020-09-20 15:01:54","2020-09-20","2020-09-20 15","2020-09-20 15EOS"
"XTZUSD","XTZ","USD","2.275812","47.6","2.275923","490.8","2.276377","1676.6","2.279024","380.0","2.280522","3217.6","2.272301","12.3","2.271600","3000.0","2.269463","47.6","2.269370","490.9","2.267989","1677.0","2020-09-20 15:01:58","2020-09-20","2020-09-20 15","2020-09-20 15XTZ"
"BNBUSD","BNB","USD","26.29937","21.05","26.29938","4.79","26.32306","211.59","26.34096","100.00","26.35599","200.00","26.21118","15.59","26.21117","4.79","26.18908","211.57","26.16513","100.00","26.15055","459.47","2020-09-20 15:02:43","2020-09-20","2020-09-20 15","2020-09-20 15BNB"
"NEOUSD","NEO","USD","24.24625","24.00","24.25778","59.60","24.25779","69.33","24.26674","67.08","24.26675","89.48","24.21667","10.72","24.21666","16.10","24.21665","4.47","24.21079","17.89","24.20779","24.00","2020-09-20 15:03:31","2020-09-20","2020-09-20 15","2020-09-20 15NEO"
"TRXUSD","TRX","USD","0.0268271","55932","0.0268273","5077","0.0268352","1050","0.0268385","80884","0.0268386","80888","0.0267990","69477","0.0267989","5077","0.0267988","40430","0.0267960","1050","0.0267957","80897","2020-09-20 15:04:02","2020-09-20","2020-09-20 15","2020-09-20 15TRX"
"BCHUSD","BCH","USD","225.091","4.8206","225.092","0.3600","225.102","6.6668","225.118","0.6200","225.136","9.6432","225.072","0.3600","225.047","0.6200","225.010","0.8400","225.001","0.8800","225.000","18.0000","2020-09-20 15:04:06","2020-09-20","2020-09-20 15","2020-09-20 15BCH"
"BSVUSD","BSV","USD","153.2518","0.600","153.2696","3.045","153.2697","18.000","153.2773","14.161","153.2825","2.601","153.2067","0.600","153.2014","18.000","153.1697","2.601","153.1120","5.000","153.1119","0.828","2020-09-20 15:04:08","2020-09-20","2020-09-20 15","2020-09-20 15BSV"
"CROUSD","CRO","USD","0.164082","808.0","0.164092","1217.6","0.164182","58729.7","0.164215","18801.6","0.164331","19459.7","0.163796","25788.7","0.163795","8324.2","0.163744","10480.5","0.163696","17546.3","0.163663","20576.5","2020-09-20 15:05:14","2020-09-20","2020-09-20 15","2020-09-20 15CRO"
"BTCUSD","BTC","USD","10835.82","0.13849","10835.83","0.20000","10835.84","0.59414","10835.85","0.15444","10835.86","0.12353","10833.03","0.12353","10833.02","0.43374","10833.01","0.07755","10833.00","0.05000","10832.97","0.14000","2020-09-20 16:00:07","2020-09-20","2020-09-20 16","2020-09-20 16BTC"
"LTCUSD","LTC","USD","46.5801","35.000","46.5802","12.522","46.5803","60.000","46.5827","1.090","46.5828","60.000","46.5474","60.000","46.5451","46.456","46.5450","4.648","46.5422","60.000","46.5373","46.491","2020-09-20 16:00:21","2020-09-20","2020-09-20 16","2020-09-20 16LTC"
"XMRUSD","XMR","USD","91.7066","1.500","91.7567","0.270","91.7729","3.200","91.8400","0.013","91.8662","23.647","91.6396","1.500","91.6331","1.736","91.5845","4.730","91.5700","3.200","91.5652","20.000","2020-09-20 16:00:45","2020-09-20","2020-09-20 16","2020-09-20 16XMR"
"ETHUSD","ETH","USD","369.801","0.4000","369.870","4.0569","369.887","30.4850","369.964","0.4800","370.034","0.3900","369.742","0.4000","369.597","1.0935","369.596","4.0935","369.595","3.0000","369.567","30.0000","2020-09-20 16:00:47","2020-09-20","2020-09-20 16","2020-09-20 16ETH"
"EOSUSD","EOS","USD","2.64363","600.00","2.64364","114.51","2.64365","567.55","2.64366","72.52","2.64385","410.15","2.64179","600.00","2.64166","200.00","2.64165","600.00","2.64140","757.04","2.64139","169.20","2020-09-20 16:01:54","2020-09-20","2020-09-20 16","2020-09-20 16EOS"
"XTZUSD","XTZ","USD","2.273179","490.9","2.273198","1677.2","2.273772","47.6","2.276028","3218.6","2.276741","380.0","2.264400","3000.0","2.263000","16.7","2.261818","47.6","2.261256","490.9","2.260783","1677.2","2020-09-20 16:01:58","2020-09-20","2020-09-20 16","2020-09-20 16XTZ"
"BNBUSD","BNB","USD","26.20549","21.00","26.20550","4.80","26.23969","212.27","26.26088","100.00","26.27022","200.00","26.10716","82.94","26.10715","4.80","26.08245","212.29","26.05625","100.00","26.04829","461.02","2020-09-20 16:02:42","2020-09-20","2020-09-20 16","2020-09-20 16BNB"
"NEOUSD","NEO","USD","23.91794","12.58","23.92034","24.00","23.93285","69.33","23.94215","4.53","23.94575","18.13","23.88358","53.27","23.87647","53.82","23.87491","24.00","23.86641","4.53","23.86341","69.33","2020-09-20 16:03:30","2020-09-20","2020-09-20 16","2020-09-20 16NEO"
"TRXUSD","TRX","USD","0.0267212","81103","0.0267213","81102","0.0267214","55905","0.0267215","81103","0.0267216","1050","0.0266840","5077","0.0266839","5077","0.0266821","1050","0.0266680","61000","0.0266659","115933","2020-09-20 16:04:02","2020-09-20","2020-09-20 16","2020-09-20 16TRX"
"BCHUSD","BCH","USD","222.819","0.3600","222.876","18.0000","222.912","0.0053","223.031","10.0000","223.032","9.7144","222.752","18.0000","222.648","5.2550","222.647","1.9430","222.584","0.6200","222.576","7.7000","2020-09-20 16:04:06","2020-09-20","2020-09-20 16","2020-09-20 16BCH"
"BSVUSD","BSV","USD","150.7058","18.000","150.7088","0.600","150.7133","14.375","150.7134","0.810","150.7296","18.000","150.6052","0.600","150.5118","6.000","150.5117","4.362","150.5104","3.592","150.4653","2.601","2020-09-20 16:04:08","2020-09-20","2020-09-20 16","2020-09-20 16BSV"
"CROUSD","CRO","USD","0.162009","670.3","0.162075","1217.6","0.162082","59537.7","0.162092","11585.1","0.162174","18801.6","0.161982","11.7","0.161797","3517.1","0.161781","2011.5","0.161672","2795.6","0.161561","3454.3","2020-09-20 16:05:13","2020-09-20","2020-09-20 16","2020-09-20 16CRO"
"BTCUSD","BTC","USD","10856.48","0.06200","10857.65","0.45187","10858.63","0.40525","10859.08","0.02617","10859.09","0.05111","10855.86","0.10000","10855.85","0.06200","10854.28","0.20000","10854.27","0.05062","10854.26","0.12343","2020-09-20 17:00:06","2020-09-20","2020-09-20 17","2020-09-20 17BTC"
"LTCUSD","LTC","USD","46.7082","3.750","46.7209","8.335","46.7404","9.935","46.7405","3.000","46.7406","46.464","46.7036","60.000","46.7013","42.806","46.7012","60.000","46.7007","3.750","46.6989","46.464","2020-09-20 17:00:20","2020-09-20","2020-09-20 17","2020-09-20 17LTC"
"XMRUSD","XMR","USD","91.6020","1.500","91.6564","3.750","91.6565","3.200","91.6699","5.511","91.6700","23.691","91.5516","23.690","91.5474","17.770","91.5468","3.750","91.5467","6.857","91.5429","1.500","2020-09-20 17:00:45","2020-09-20","2020-09-20 17","2020-09-20 17XMR"
"ETHUSD","ETH","USD","369.971","5.8670","369.972","0.3979","370.006","0.4000","370.103","3.9204","370.104","1.9406","369.937","0.4000","369.929","1.9406","369.914","30.0000","369.760","5.8669","369.759","30.0000","2020-09-20 17:00:46","2020-09-20","2020-09-20 17","2020-09-20 17ETH"
"EOSUSD","EOS","USD","2.65262","612.72","2.65263","40.95","2.65305","30.00","2.65313","71.46","2.65314","200.00","2.65084","600.00","2.65072","754.28","2.65071","819.11","2.65070","70.00","2.65042","75.48","2020-09-20 17:01:54","2020-09-20","2020-09-20 17","2020-09-20 17EOS"
"XTZUSD","XTZ","USD","2.253213","545.1","2.254437","1697.3","2.256866","380.0","2.260124","3257.3","2.261791","380.0","2.249150","2629.0","2.246518","48.2","2.246513","497.0","2.245280","1698.0","2.242914","380.0","2020-09-20 17:01:58","2020-09-20","2020-09-20 17","2020-09-20 17XTZ"
"BNBUSD","BNB","USD","26.13040","4.83","26.17785","213.23","26.19410","100.00","26.20464","200.00","26.21155","463.15","26.04225","83.29","26.04224","4.83","26.02330","213.23","25.99046","200.00","25.98805","463.08","2020-09-20 17:02:43","2020-09-20","2020-09-20 17","2020-09-20 17BNB"
"NEOUSD","NEO","USD","23.77343","24.19","23.77344","114.36","23.77345","91.49","23.77346","84.31","23.77347","8.05","23.66801","69.33","23.66754","54.43","23.66682","4.58","23.66407","45.73","23.66406","23.62","2020-09-20 17:03:32","2020-09-20","2020-09-20 17","2020-09-20 17NEO"
"TRXUSD","TRX","USD","0.0267210","1050","0.0267214","81353","0.0267215","56166","0.0267247","81353","0.0267248","81360","0.0266898","9285","0.0266897","5077","0.0266896","5077","0.0266895","81304","0.0266828","40654","2020-09-20 17:04:04","2020-09-20","2020-09-20 17","2020-09-20 17TRX"
"BCHUSD","BCH","USD","224.408","0.3600","224.489","0.6200","224.571","10.0000","224.572","2.0040","224.574","0.8800","224.385","0.3600","224.383","18.0000","224.331","6.6834","224.330","9.6778","224.316","9.6771","2020-09-20 17:04:08","2020-09-20","2020-09-20 17","2020-09-20 17BCH"
"BSVUSD","BSV","USD","152.0759","0.600","152.1298","5.709","152.1299","2.601","152.2495","14.278","152.2497","2.308","152.0318","14.279","152.0317","3.572","152.0154","4.337","152.0048","0.600","151.9677","3.570","2020-09-20 17:04:10","2020-09-20","2020-09-20 17","2020-09-20 17BSV"
"CROUSD","CRO","USD","0.146684","741.6","0.146999","12818.2","0.147311","16070.4","0.147431","3833.9","0.147485","2257.6","0.146683","20889.5","0.146665","10455.7","0.146656","1343.2","0.146628","2011.5","0.146625","2173.9","2020-09-20 17:05:16","2020-09-20","2020-09-20 17","2020-09-20 17CRO"
"BTCUSD","BTC","USD","10894.60","0.06200","10895.91","0.30400","10897.27","0.24657","10897.28","0.20000","10897.29","0.09315","10894.51","0.06200","10894.50","0.11681","10894.49","0.10000","10894.48","0.04657","10894.40","0.06661","2020-09-20 18:00:07","2020-09-20","2020-09-20 18","2020-09-20 18BTC"
"LTCUSD","LTC","USD","46.9440","60.000","46.9447","3.750","46.9503","1.090","46.9514","46.424","46.9535","8.335","46.9373","3.750","46.9298","8.335","46.9240","60.000","46.9202","25.935","46.9172","46.431","2020-09-20 18:00:21","2020-09-20","2020-09-20 18","2020-09-20 18LTC"
"XMRUSD","XMR","USD","91.9128","1.500","91.9423","0.438","91.9424","17.792","91.9425","15.552","91.9459","3.200","91.8543","3.750","91.8500","9.824","91.8474","1.500","91.8172","3.200","91.7862","4.743","2020-09-20 18:00:45","2020-09-20","2020-09-20 18","2020-09-20 18XMR"
"ETHUSD","ETH","USD","373.041","0.0300","373.174","0.4000","373.180","3.8307","373.218","0.0014","373.244","1.0935","373.040","31.4935","373.023","0.9750","373.020","1.0935","373.019","3.0000","373.009","30.0000","2020-09-20 18:00:46","2020-09-20","2020-09-20 18","2020-09-20 18ETH"
"EOSUSD","EOS","USD","2.66929","600.00","2.66942","408.50","2.66943","600.00","2.66956","186.24","2.66957","600.00","2.66783","200.00","2.66781","74.00","2.66759","70.00","2.66746","322.00","2.66704","71.04","2020-09-20 18:01:54","2020-09-20","2020-09-20 18","2020-09-20 18EOS"
"XTZUSD","XTZ","USD","2.246608","48.5","2.246620","499.9","2.247353","1707.7","2.249914","380.0","2.253056","3277.2","2.244600","3000.0","2.240043","48.5","2.239933","499.9","2.239000","1707.7","2.236345","380.0","2020-09-20 18:01:59","2020-09-20","2020-09-20 18","2020-09-20 18XTZ"
"BNBUSD","BNB","USD","26.09137","4.85","26.14139","214.14","26.14602","100.00","26.15410","200.00","26.17090","465.31","25.99899","83.71","25.99898","4.85","25.98299","214.15","25.95393","100.00","25.95037","465.13","2020-09-20 18:02:44","2020-09-20","2020-09-20 18","2020-09-20 18BNB"
"NEOUSD","NEO","USD","23.70818","68.95","23.70819","84.39","23.70825","24.00","23.72434","91.89","23.72435","69.33","23.68444","3.63","23.68380","24.00","23.67826","8.05","23.67825","45.93","23.67286","54.66","2020-09-20 18:03:32","2020-09-20","2020-09-20 18","2020-09-20 18NEO"
"TRXUSD","TRX","USD","0.0268037","4449","0.0268038","48438","0.0268039","81379","0.0268040","81375","0.0268041","81361","0.0267697","1050","0.0267678","5077","0.0267677","5077","0.0267675","56011","0.0267674","72741","2020-09-20 18:04:04","2020-09-20","2020-09-20 18","2020-09-20 18TRX"
"BCHUSD","BCH","USD","225.269","18.3600","225.286","0.6200","225.358","0.8800","225.390","10.0000","225.391","9.6697","225.242","0.9525","225.222","0.3600","225.205","4.8352","225.168","0.6200","225.151","9.4314","2020-09-20 18:04:09","2020-09-20","2020-09-20 18","2020-09-20 18BCH"
"BSVUSD","BSV","USD","152.3679","18.000","152.3886","0.600","152.4154","5.102","152.4155","2.601","152.4956","14.297","152.3429","0.600","152.3144","18.000","152.3032","14.297","152.3031","2.601","152.3013","14.297","2020-09-20 18:04:11","2020-09-20","2020-09-20 18","2020-09-20 18BSV"
"CROUSD","CRO","USD","0.151371","723.6","0.151481","2025.6","0.151517","12506.5","0.151540","1808.3","0.151581","4588.3","0.151180","1343.2","0.151080","2011.5","0.151061","772.1","0.151057","1401.8","0.150973","2795.6","2020-09-20 18:05:18","2020-09-20","2020-09-20 18","2020-09-20 18CRO"
"BTCUSD","BTC","USD","10893.88","0.06200","10894.57","0.00100","10894.86","0.10000","10894.88","0.20000","10894.89","0.15187","10892.92","0.74410","10892.91","0.30400","10891.70","0.06545","10891.69","0.25030","10891.66","0.05175","2020-09-20 19:00:06","2020-09-20","2020-09-20 19","2020-09-20 19BTC"
"LTCUSD","LTC","USD","47.0914","3.750","47.0977","1.090","47.0978","8.335","47.0991","46.257","47.1098","46.258","47.0846","3.750","47.0825","60.000","47.0751","42.471","47.0750","8.335","47.0659","46.263","2020-09-20 19:00:20","2020-09-20","2020-09-20 19","2020-09-20 19LTC"
"XMRUSD","XMR","USD","92.0865","1.500","92.1227","3.200","92.1708","2.276","92.1709","17.736","92.1710","16.288","92.0275","2.521","92.0274","25.617","92.0273","3.750","92.0264","1.500","92.0000","0.013","2020-09-20 19:00:45","2020-09-20","2020-09-20 19","2020-09-20 19XMR"
